Automatically generated by Mendeley Desktop 1.17.10
Any changes to this file will be lost if it is regenerated by Mendeley.

BibTeX export options can be customized via Options -> BibTeX in Mendeley Desktop

@article{rabatel,
author = {Rabatel, Alain},
doi = {10.3917/lf.160.0021},
file = {:home/marie/.local/share/data/Mendeley Ltd./Mendeley Desktop/Downloaded/Rabatel, Colin - 2008 - Points de vue en confrontation dans les antim{\'{e}}taboles PLUS et MOINS.pdf:pdf},
journal = {Langue fran{\c{c}}aise},
number = {4},
pages = {21--36},
title = {{Points de vue en confrontation dans les antim{\'{e}}taboles PLUS et MOINS}},
url = {http://www.cairn.info/load{\_}pdf.php?ID{\_}ARTICLE=LF{\_}160{\_}0021},
volume = {160},
year = {2008}
}
@book{horvei1985,
author = {Horvei, Harald},
isbn = {9788299080224},
publisher = {The Author},
title = {{The Changing Fortunes of a Rhetorical Term: The History of the Chiasmus}},
url = {http://books.google.se/books?id=tDUpAAAACAAJ},
year = {1985}
}
@inproceedings{dubremetz2015,
address = {Denver, Colorado, USA},
author = {Dubremetz, Marie and Nivre, Joakim},
booktitle = {Proceedings of the Fourth Workshop on Computational Linguistics for Literature},
pages = {23--31},
publisher = {Association for Computational Linguistics.},
title = {{Rhetorical Figure Detection: The Case of Chiasmus}},
url = {http://www.aclweb.org/anthology/W15-0703},
year = {2015}
}
@book{font,
annote = {1993? 1977? 1968?},
author = {Fontanier, Pierre},
edition = {1977},
publisher = {Flammarion},
title = {{Les Figures du discours}},
url = {http://catalogue.bibliotheque.bm-lille.fr/alswww1.dll/APS{\_}ZONES?fn=ViewNotice{\&}q=503519},
year = {1827}
}
@article{Nordahl1971,
annote = {ISSN: 1600-0811},
archivePrefix = {arXiv},
arxivId = {ISSN: 1600-0811},
author = {Nordahl, Helge},
eprint = {ISSN: 1600-0811},
file = {:home/marie/.local/share/data/Mendeley Ltd./Mendeley Desktop/Downloaded/Nordahl - 1971 - Variantes chiasmiques. Essai de description formelle.pdf:pdf},
journal = {Revue Romane},
pages = {219--232},
title = {{Variantes chiasmiques. Essai de description formelle}},
url = {http://e-tidsskrifter.dk/ojs/index.php/revue{\_}romane/article/view/11212/21266},
volume = {6},
year = {1971}
}
@book{gradus,
author = {Dupriez, Bernard},
isbn = {2-264-03709-1},
publisher = {Union G{\'{e}}n{\'{e}}rale d'{\'{E}}ditions 10/18},
title = {{Gradus, les proc{\'{e}}d{\'{e}}s litt{\'{e}}raires}},
year = {2003}
}
@misc{Diderot1789a,
author = {Diderot, Denis and D'Alembert, Jean le Rond},
booktitle = {Encyclop{\'{e}}die m{\'{e}}thodique: ou par ordre de mati{\`{e}}res, volume 66},
pages = {197--199},
title = {{Antim{\'{e}}tabole, Antith{\`{e}}se, Antim{\'{e}}talepse}},
year = {1789}
}
@inproceedings{harris2009,
address = {Edinburgh, Scotland},
author = {Harris, Randy and DiMarco, Chrysanne},
booktitle = {Persuasive Technology and Digital Behaviour Intervention Symposium},
file = {:home/marie/.local/share/data/Mendeley Ltd./Mendeley Desktop/Downloaded/Harris, DiMarco - 2009 - Constructing a Rhetorical Figuration Ontology.pdf:pdf},
pages = {47--52},
title = {{Constructing a Rhetorical Figuration Ontology}},
url = {http://www.aisb.org.uk/convention/aisb09/Proceedings/PERSUASIVE/FILES/DiMarcoC.pdf},
year = {2009}
}
@article{Willett1997,
author = {Clarke, Sarah J. and Willett, Peter},
doi = {10.1108/eb051463},
file = {:home/marie/.local/share/data/Mendeley Ltd./Mendeley Desktop/Downloaded/Clarke, Willett - 1997 - Estimating the recall performance of Web search engines.pdf:pdf},
issn = {0001-253X},
journal = {Proceedings of Aslib},
number = {7},
pages = {184--189},
title = {{Estimating the recall performance of Web search engines}},
url = {http://www.emeraldinsight.com/10.1108/eb051463},
volume = {49},
year = {1997}
}
@inproceedings{manning2014,
author = {Manning, Christopher D and Surdeanu, Mihai and Bauer, John and Finkel, Jenny and Bethard, Steven J and McClosky, David},
booktitle = {Association for Computational Linguistics (ACL) System Demonstrations},
pages = {55--60},
title = {{The Stanford CoreNLP Natural Language Processing Toolkit}},
url = {http://www.aclweb.org/anthology/P/P14/P14-5010},
year = {2014}
}
@book{siemens2008,
abstract = {This Companion offers a thorough, concise overview of the emerging field of humanities computing. Contains 37 original articles written by leaders in the field. Addresses the central concerns shared by those interested in the subject. Major sections focus on the experience of particular disciplines in applying computational methods to research problems; the basic principles of humanities computing; specific applications and methods; and production, dissemination and archiving. Accompanied by a website featuring supplementary materials, standard readings in the field and essays to be included in future editions of the Companion.},
author = {Schreibman, Susan and Siemens, Ray and Unsworth, John},
isbn = {9780470999868},
keywords = {Language Arts {\&} Disciplines / General,Literary Criticism / General},
month = {apr},
publisher = {John Wiley {\&} Sons},
title = {{A Companion to Digital Humanities}},
year = {2008}
}
@inproceedings{koehn2005,
address = {Phuket, Thailand},
author = {Koehn, Philipp},
booktitle = {The Tenth Machine Translation Summit},
keywords = {Corpus Europarl MT Master},
pages = {79--86},
title = {{Europarl: A Parallel Corpus for Statistical Machine Translation}},
url = {http://mt-archive.info/MTS-2005-Koehn.pdf},
year = {2005}
}
@inproceedings{dunn2013,
address = {Atlanta, Georgia},
author = {Dunn, Jonathan},
booktitle = {Proceedings of the First Workshop on Metaphor in NLP},
file = {:media/Verbatim/Mesdocuments/Uppsala/Download/Dunn2013.pdf:pdf},
pages = {1--10},
publisher = {Association for Computational Linguistics},
title = {{What metaphor identification systems can tell us about metaphor-in-language}},
url = {http://www.aclweb.org/anthology/W13-0901},
year = {2013}
}
@inproceedings{hromada,
address = {Hissar, Bulgaria},
author = {Hromada, Daniel Devatman},
booktitle = {Proceedings of the Second Student Research Workshop associated with RANLP 2011},
file = {:home/marie/.local/share/data/Mendeley Ltd./Mendeley Desktop/Downloaded/Hromada - 2011 - Initial Experiments with Multilingual Extraction of Rhetoric Figures by means of PERL-compatible Regular Expressions.pdf:pdf},
pages = {85--90},
title = {{Initial Experiments with Multilingual Extraction of Rhetoric Figures by means of PERL-compatible Regular Expressions}},
url = {http://aclweb.org/anthology/R11-2013},
year = {2011}
}
@phdthesis{gawr,
author = {Gawryjolek, Jakub J.},
file = {:home/marie/.local/share/data/Mendeley Ltd./Mendeley Desktop/Downloaded/Gawryjolek - 2009 - Automated Annotation and Visualization of Rhetorical Figures.pdf:pdf},
howpublished = {M{\'{e}}moire de Master},
school = {Universty of Waterloo},
title = {{Automated Annotation and Visualization of Rhetorical Figures}},
type = {Master thesis},
year = {2009}
}
@inproceedings{Bendersky2012,
address = {Montr{\'{e}}al, Canada},
annote = {bibtex from ACL},
author = {Bendersky, Michael and Smith, David},
booktitle = {Proceedings of the NAACL-HLT 2012 Workshop on Computational Linguistics for Literature},
file = {:home/marie/.local/share/data/Mendeley Ltd./Mendeley Desktop/Downloaded/Bendersky, Smith - 2012 - A Dictionary of Wisdom and Wit Learning to Extract Quotable Phrases(2).pdf:pdf},
pages = {69--77},
publisher = {Association for Computational Linguistics},
title = {{A Dictionary of Wisdom and Wit: Learning to Extract Quotable Phrases}},
url = {http://www.aclweb.org/anthology/W12-2510},
year = {2012}
}
@book{Greene2012,
editor = {Greene, Roland and Cushman, Stephen and Cavanagh, Clare and Ramazani, Jahan and Rouzer, Paul},
isbn = {9780691154916},
publisher = {Princeton University Press},
title = {{The Princeton Encyclopedia of Poetry and Poetics: Fourth Edition}},
url = {http://books.google.fr/books?id=uKiC6IeFR2UC http://books.google.fr/books?id=uKiC6IeFR2UC{\&}pg=PA58{\&}lpg=PA58{\&}dq=garcia+page+antimetabole{\&}source=bl{\&}ots=auS7vdihxk{\&}sig=DBQXw6lHoeTDLo9dzX0jmaeofhk{\&}hl=en{\&}sa=X{\&}ei=YkXkULatBcWXhQfO04DoCg{\&}ved=0CCsQ6AEwAA{\#}v=onepage{\&}},
year = {2012}
}
@book{Diderot1789,
author = {Diderot, Denis and D'Alembert, Jean le Rond},
howpublished = {http://books.google.fr/books?id=NchCAAAAYAAJ{\&}lpg=PA198{\&}ots=UEkdoAOE-g{\&}dq=antimetabole{\%}20diderot{\&}pg=PA198{\#}v=onepage{\&}q=antimetabole{\%}20diderot{\&}f=false , consult{\'{e}} le 08/04/2013},
pages = {197--199},
publisher = {Panckoucke},
title = {{Encyclop{\'{e}}die m{\'{e}}thodique: ou par ordre de mati{\`{e}}res, volume 66}},
url = {http://books.google.fr/books?id=NchCAAAAYAAJ{\&}pg=PA198{\&}lpg=PA198{\&}dq=antimetabole+diderot{\&}source=bl{\&}ots=UEkdoAOE-g{\&}sig=R4mY2pV1ml-L3Gm0-EJsfsNykGQ{\&}hl=en{\&}sa=X{\&}ei=XX4qUO3CAoW2hAek34DYCw{\&}ved=0CDEQ6AEwAA{\#}v=onepage{\&}q=antimetabole diderot{\&}f=false},
year = {1782}
}
@inproceedings{dubremetz2013,
address = {Les Sables d'Olonne, France},
author = {Dubremetz, Marie},
booktitle = {Actes de la 15e Rencontres des {\'{E}}tudiants Chercheurs en Informatique pour le Traitement Automatique des Langues (RECITAL'2013)},
file = {:home/marie/.local/share/data/Mendeley Ltd./Mendeley Desktop/Downloaded/Dubremetz - 2013 - Vers une identification automatique du chiasme de mots.pdf:pdf},
pages = {150--163},
title = {{Vers une identification automatique du chiasme de mots}},
year = {2013}
}
@book{croft2010,
abstract = {No Abstract.},
author = {Croft, Bruce and Metzler, Donald and Strohman, Trevor},
booktitle = {The Computer Journal},
isbn = {9780136072249},
issn = {0010-4620},
number = {5},
pages = {831--832},
pmid = {2009002640},
publisher = {Pearson Education},
title = {{Search Engines: Information Retrieval in Practice: International Edition}},
volume = {54},
year = {2010}
}
@book{morier,
author = {Morier, Henri},
publisher = {Presses Universitaires de France},
title = {{Dictionnaire de po{\'{e}}tique et de rh{\'{e}}torique}},
year = {1961}
}
