Automatically generated by Mendeley Desktop 1.17.10
Any changes to this file will be lost if it is regenerated by Mendeley.

BibTeX export options can be customized via Options -> BibTeX in Mendeley Desktop

@article{rabatel,
author = {Rabatel, Alain},
doi = {10.3917/lf.160.0021},
file = {:home/marie/.local/share/data/Mendeley Ltd./Mendeley Desktop/Downloaded/Rabatel, Colin - 2008 - Points de vue en confrontation dans les antim{\'{e}}taboles PLUS et MOINS.pdf:pdf},
journal = {Langue fran{\c{c}}aise},
number = {4},
pages = {21--36},
title = {{Points de vue en confrontation dans les antim{\'{e}}taboles PLUS et MOINS}},
url = {http://www.cairn.info/load{\_}pdf.php?ID{\_}ARTICLE=LF{\_}160{\_}0021},
volume = {160},
year = {2008}
}
@electronic{Trouvilliez2010,
annote = {about Ontologies, Wordnet, Eurowordnet et WOLF},
author = {Trouvilliez, Beno{\^{i}}t},
institution = {Onyme},
title = {{Blog Onyme Analyse s{\'{e}}mantique et Traitement Automatis{\'{e}} de la Langue}},
url = {http://blog.onyme.com/ontologies-wordnet-eurowordnet-et-wolf/},
year = {2010}
}
@misc{RHarris,
author = {Harris, Robert A.},
title = {{No Title}},
url = {http://www.virtualsalt.com/rhetoric2.htm},
year = {2010}
}
@article{Mann1988,
abstract = {Rhethorical Structure Theory is a descriptive theory of a major aspect of the organization of natural text. It is a linguistically useful method for describing natural texts, characterizing their structure primarily in terms of relations that hold between parts of the text. This paper establishes a new definitional foundation for RST. The paper also examines three claims of RST: the predominance of nucleus/satellite structural patterns, the functional basis of hierarchy, and the communicative role of text structure.},
author = {Mann, William C. and Thompson, Sandra A.},
doi = {10.1515/text.1.1988.8.3.243},
editor = {Polanyi, L},
issn = {01654888},
journal = {Text},
number = {3},
pages = {243--281},
publisher = {Walter de Gruyter, Berlin/New York Berlin, New York},
title = {{Rhetorical structure theory: Toward a functional theory of text organization}},
url = {http://www.reference-global.com/doi/abs/10.1515/text.1.1988.8.3.243},
volume = {8},
year = {1988}
}
@book{horvei1985,
author = {Horvei, Harald},
isbn = {9788299080224},
publisher = {The Author},
title = {{The Changing Fortunes of a Rhetorical Term: The History of the Chiasmus}},
url = {http://books.google.se/books?id=tDUpAAAACAAJ},
year = {1985}
}
@article{garcia,
annote = {ISSN : 0570-7218},
author = {Garc{\'{i}}a-Page, Mario},
file = {:home/marie/.local/share/data/Mendeley Ltd./Mendeley Desktop/Downloaded/GARC{\'{I}}A-PAGE - Unknown - El retru{\'{e}}cano l{\'{e}}xico y sus l{\'{i}}mites.pdf:pdf},
journal = {Archivum: Revista de la Facultad de Filolog{\'{i}}a de Oviedo},
pages = {173--203},
title = {{El ``retru{\'{e}}cano l{\'{e}}xico" y sus l{\'{i}}mites}},
volume = {41-42},
year = {1991}
}
@article{Guegan,
author = {Gu{\'{e}}gan, Marie and Hernandez, Nicolas},
file = {:home/marie/.local/share/data/Mendeley Ltd./Mendeley Desktop/Downloaded/Gu{\'{e}}gan, Hernandez - 2006 - Recognizing Textual Parallelisms with edit distance and similarity degree.pdf:pdf},
journal = {EACL. The Association for Computational Linguistics},
pages = {281--288},
title = {{Recognizing Textual Parallelisms with edit distance and similarity degree}},
url = {http://acl.ldc.upenn.edu/eacl2006/main/papers/21{\_}2{\_}gueganhernandez.pdf},
year = {2006}
}
@inproceedings{Lemaire2008,
author = {Lemaire, Beno{\^{i}}t},
booktitle = {JADT 2008 : 9es Journ{\'{e}}es internationales d'Analyse statistique des Donn{\'{e}}es Textuelles},
file = {:home/marie/.local/share/data/Mendeley Ltd./Mendeley Desktop/Downloaded/Lemaire - 2008 - Limites de la lemmatisation pour l'extraction de significations.pdf:pdf},
pages = {725--732},
title = {{Limites de la lemmatisation pour l'extraction de significations}},
year = {2008}
}
@article{Namer2000,
author = {Namer, Fiammetta},
file = {:home/marie/.local/share/data/Mendeley Ltd./Mendeley Desktop/Downloaded/Namer - 2000 - Un analyseur flexionnel du fran{\c{c}}ais {\`{a}} base de r{\`{e}}gles.pdf:pdf},
journal = {Traitement Automatique des Langues},
pages = {1--23},
title = {{Un analyseur flexionnel du fran{\c{c}}ais {\`{a}} base de r{\`{e}}gles}},
url = {http://www.univ-nancy2.fr/pers/namer/PUBLIS/2000{\_}Namer{\_}TAL.pdf},
volume = {41},
year = {2000}
}
@article{Veale2010,
author = {Veale, Tony and Hao, Yanfen},
file = {:home/marie/.local/share/data/Mendeley Ltd./Mendeley Desktop/Downloaded/Veale, Hao - 2010 - Detecting ironic intent in creative comparisons.pdf:pdf},
journal = {Proc. of ECAI'2010, the 19th European Conference {\ldots}},
title = {{Detecting ironic intent in creative comparisons}},
url = {http://afflatus.ucd.ie/papers/ecai268.pdf},
year = {2010}
}
@book{Zipf,
author = {Zipf, George Kingsley},
publisher = {Routledge},
title = {{The Psycho-Biology of Language: An Introduction to Dynamic Philology}},
year = {1936}
}
@book{Panckoucke1832,
author = {Panckoucke, C.L.F.},
edition = {Biblioth{\`{e}}q},
publisher = {C. L. F. Panckoucke},
title = {{Institution oratoire de Quintilien, vol.4}},
url = {http://books.google.fr/books?id=NL4KAQAAIAAJ},
year = {1832}
}
@book{font,
annote = {1993? 1977? 1968?},
author = {Fontanier, Pierre},
edition = {1977},
publisher = {Flammarion},
title = {{Les Figures du discours}},
url = {http://catalogue.bibliotheque.bm-lille.fr/alswww1.dll/APS{\_}ZONES?fn=ViewNotice{\&}q=503519},
year = {1827}
}
@article{Krishnakumaran2007,
address = {Morristown, NJ, USA},
author = {Krishnakumaran, Saisuresh and Zhu, Xiaojin},
doi = {10.3115/1611528.1611531},
file = {:home/marie/.local/share/data/Mendeley Ltd./Mendeley Desktop/Downloaded/Krishnakumaran, Zhu - 2007 - Hunting elusive metaphors using lexical resources.pdf:pdf},
journal = {Proceedings of the Workshop on Computational Approaches to Figurative Language - FigLanguages '07},
pages = {13--20},
publisher = {Association for Computational Linguistics},
title = {{Hunting elusive metaphors using lexical resources}},
url = {http://portal.acm.org/citation.cfm?doid=1611528.1611531},
year = {2007}
}
@inproceedings{Rao2009a,
address = {Athens, Greece},
author = {Rao, Delip and Ravichandran, Deepak},
booktitle = {Proceedings of the 12th Conference of the European Chapter of the ACL (EACL 2009)},
doi = {10.3115/1609067.1609142},
file = {:home/marie/.local/share/data/Mendeley Ltd./Mendeley Desktop/Downloaded/Rao, Ravichandran - 2009 - Semi-Supervised Polarity Lexicon Induction.pdf:pdf},
pages = {675--682},
title = {{Semi-Supervised Polarity Lexicon Induction}},
url = {http://www.aclweb.org/anthology/E09-1077},
year = {2009}
}
@article{Nordahl1971,
annote = {ISSN: 1600-0811},
archivePrefix = {arXiv},
arxivId = {ISSN: 1600-0811},
author = {Nordahl, Helge},
eprint = {ISSN: 1600-0811},
file = {:home/marie/.local/share/data/Mendeley Ltd./Mendeley Desktop/Downloaded/Nordahl - 1971 - Variantes chiasmiques. Essai de description formelle.pdf:pdf},
journal = {Revue Romane},
pages = {219--232},
title = {{Variantes chiasmiques. Essai de description formelle}},
url = {http://e-tidsskrifter.dk/ojs/index.php/revue{\_}romane/article/view/11212/21266},
volume = {6},
year = {1971}
}
@book{gardes,
address = {Paris},
author = {Gardes-Tamine, Jo{\"{e}}lle},
edition = {4e {\'{e}}dition},
publisher = {A. Colin},
series = {Cursus},
title = {{La grammaire,Tome 1, Phonologie, morphologie, lexicologie}},
year = {1988}
}
@book{gradus,
author = {Dupriez, Bernard},
isbn = {2-264-03709-1},
publisher = {Union G{\'{e}}n{\'{e}}rale d'{\'{E}}ditions 10/18},
title = {{Gradus, les proc{\'{e}}d{\'{e}}s litt{\'{e}}raires}},
year = {2003}
}
@article{Vandendorpe1991,
author = {Vandendorpe, Christian},
file = {:home/marie/.local/share/data/Mendeley Ltd./Mendeley Desktop/Downloaded/Unknown - Unknown - Lecture et qu{\^{e}}te de sens.pdf:pdf},
journal = {Prot{\'{e}}e},
pages = {95--101},
title = {{Lecture et qu{\^{e}}te de sens}},
url = {http://www.ruor.uottawa.ca/en/bitstream/handle/10393/12791/Vandendorpe{\_}Christian{\_}1991{\_}Lecture{\_}et{\_}qu{\^{e}}te{\_}de{\_}sens.pdf?sequence=3},
volume = {19},
year = {1991}
}
@book{silberztein93,
address = {Paris},
annote = {ISBN 2--225--84157--8},
author = {Silberztein, Max},
keywords = {imported},
pages = {234},
publisher = {Masson},
series = {Informatique Linguistique},
title = {{Dictionnaires {\'{E}}lectroniques et Analyse Automatique de Textes. Le Syst{\`{e}}me INTEX}},
year = {1993}
}
@inproceedings{Nivre06maltparser:a,
author = {Nivre, Joakim and Hall, Johan and Nilsson, Jens},
booktitle = {In Proc. of LREC-2006},
pages = {2216--2219},
title = {{MaltParser: A data-driven parser-generator for dependency parsing}},
year = {2006}
}
@book{Bird2009,
author = {Bird, Steven and Klein, Ewan and Loper, Edward},
edition = {O'Reilly},
title = {{Natural Language Processing with Python}},
year = {2009}
}
@book{Aristotle-329,
author = {Aristotle},
editor = {Library, The University of Adelaide},
publisher = {eBooks@Adelaide},
title = {{Rhetoric}},
url = {http://remacle.org/bloodwolf/philosophes/Aristote/tablerheto.htm http://ebooks.adelaide.edu.au/a/aristotle/a8rh/book1.html{\#}book1}
}
@inproceedings{Marcu1997,
author = {Marcu, Daniel},
booktitle = {Proceedings of the 35th Annual Meeting of the Association for Computational Linguistics and Eighth Conference of the European Chapter of the Association for Computational Linguistics},
doi = {10.3115/976909.979630},
file = {:home/marie/.local/share/data/Mendeley Ltd./Mendeley Desktop/Downloaded/Marcu - 1997 - The rhetorical parsing of natural language texts.pdf:pdf},
pages = {96--103},
publisher = {Association for Computational Linguistics},
title = {{The rhetorical parsing of natural language texts}},
url = {http://dl.acm.org/citation.cfm?id=979630},
year = {1997}
}
@inproceedings{harris2009,
address = {Edinburgh, Scotland},
author = {Harris, Randy and DiMarco, Chrysanne},
booktitle = {Persuasive Technology and Digital Behaviour Intervention Symposium},
file = {:home/marie/.local/share/data/Mendeley Ltd./Mendeley Desktop/Downloaded/Harris, DiMarco - 2009 - Constructing a Rhetorical Figuration Ontology.pdf:pdf},
pages = {47--52},
title = {{Constructing a Rhetorical Figuration Ontology}},
url = {http://www.aisb.org.uk/convention/aisb09/Proceedings/PERSUASIVE/FILES/DiMarcoC.pdf},
year = {2009}
}
@article{Miller1990,
author = {Miller, George a. and Beckwith, Richard and Fellbaum, Christiane and Gross, Derek and Miller, Katherine J.},
doi = {10.1093/ijl/3.4.235},
file = {:home/marie/.local/share/data/Mendeley Ltd./Mendeley Desktop/Downloaded/Miller et al. - 1990 - Introduction to WordNet An On-line Lexical Database.pdf:pdf},
issn = {0950-3846},
journal = {International Journal of Lexicography},
number = {4},
pages = {235--244},
title = {{Introduction to WordNet: An On-line Lexical Database *}},
url = {http://ijl.oxfordjournals.org/cgi/doi/10.1093/ijl/3.4.235},
volume = {3},
year = {1990}
}
@article{Borin2010,
author = {Borin, Lars and Forsberg, Markus and Kokkinakis, Dimitrios},
file = {:home/marie/.local/share/data/Mendeley Ltd./Mendeley Desktop/Downloaded/Borin, Forsberg, Kokkinakis - 2010 - Diabase Towards a diachronic BLARK in support of historical studies.pdf:pdf},
journal = {Proceedings of LREC},
pages = {35--42},
title = {{Diabase: Towards a diachronic BLARK in support of historical studies}},
url = {http://lexitron.nectec.or.th/public/LREC-2010{\_}Malta/pdf/156{\_}Paper.pdf},
year = {2010}
}
@book{Fellbaum2010,
author = {Fellbaum, Christiane},
editor = {Poli, Roberto and Healy, Michael and Kameas, Achilles},
isbn = {978-90-481-8847-5},
pages = {231--243},
publisher = {Springer Netherlands},
title = {{THEORY AND APPLICATIONS OF ONTOLOGY: COMPUTER APPLICATIONS}},
url = {http://dx.doi.org/10.1007/978-90-481-8847-5{\_}10},
year = {2010}
}
@book{mifflin,
edition = {5th},
editor = {Mifflin, Houghton},
title = {{The American Heritage Dictionary of the English Language}},
year = {2011}
}
@article{HuhmannWRONG2002,
author = {Huhmann, Bruce A and Mothersbaugh, David L and Franke, George R},
doi = {10.1109/TPC.2002.801634},
issn = {0361-1434},
journal = {Professional Communication, IEEE Transactions on},
keywords = {Context,Face,Manuals,Marketing management,Personne},
month = {sep},
number = {3},
pages = {157--169},
title = {{Rhetorical figures in headings and their effect on text processing: the moderating role of information relevance and text length}},
volume = {45},
year = {2002}
}
@misc{OpenOffice-community2010,
author = {OpenOffice-community},
howpublished = {Th{\'{e}}saurus en fran{\c{c}}ais disponible sur :$\backslash$linebreak$\backslash$url{\{}http://extensions.openoffice.org/en/project/french-dictionary-modern{\}} $\backslash$url{\{}http://www.dicollecte.org/download/fr/thesaurus-v2.3.zip{\}},$\backslash$linebreak consult{\'{e}}s le 08/05/2013},
title = {{Open Office dictionaries}},
url = {http://wiki.openoffice.org/wiki/Dictionaries},
year = {2011}
}
@inproceedings{Hardmeier2012,
address = {Jeju Island, Korea},
author = {Hardmeier, Christian and Nivre, Joakim and Tiedemann, J{\"{o}}rg},
booktitle = {Proceedings of the 2012 Joint Conference on Empirical Methods in Natural Language Processing and Computational Natural Language Learning},
file = {:home/marie/.local/share/data/Mendeley Ltd./Mendeley Desktop/Downloaded/Hardmeier, Nivre, Tiedemann - 2012 - Document-wide decoding for phrase-based statistical machine translation.pdf:pdf},
number = {July},
pages = {1179--1190},
title = {{Document-wide decoding for phrase-based statistical machine translation}},
url = {http://dl.acm.org/citation.cfm?id=2391081},
year = {2012}
}
@book{Cunningham2011a,
author = {Cunningham, Hamish and Maynard, Diana and Bontcheva, Kalina and Tablan, Valentin and Aswani, Niraj and Roberts, Ian and Gorrell, Genevieve and Funk, Adam and Roberts, Angus and Damljanovic, Danica and Heitz, Thomas and Greenwood, Mark A and Saggion, Horacio and Petrak, Johann and Li, Yaoyong and Peters, Wim},
isbn = {978-0956599315},
title = {{Text Processing with GATE (Version 6)}},
url = {http://tinyurl.com/gatebook},
year = {2011}
}
@book{Webster1913,
author = {Webster, Noah and Porter, Noah},
publisher = {G. Bell},
title = {{Webster's Revised Unabridged Dictionary}},
year = {1913}
}
@inproceedings{Agichtein2000,
address = {Texas, USA},
annote = {cit{\'{e}} ailleurs ainsi :
E. Agichtein and L. Gravano. 2000. Snowball: extract-ing relations from large plain-text collections. In
ACM 2000, pages 85–94, Texas, USA.

        
$\backslash$url{\{}http://snowball.tartarus.org/algorithms/french/stemmer.html{\}}

        

      },
author = {Agichtein, Eugene and Gravano, Luis},
booktitle = {Proceedings of the 5th ACM International Conference on Digital Libraries},
pages = {85--94},
title = {{Snowball: Extracting Relations from Large Plain-Text Collections}},
year = {2000}
}
@misc{ACLWEB2012,
author = {ACLWEB},
title = {{Association for computational linguistics}},
url = {http://www.aclweb.org/anthology-new/},
year = {2012}
}
@book{Collins2003,
author = {Collins},
publisher = {Harper Collins Publishers},
title = {{Collins English Dictionary and Thesaurus}},
year = {2003}
}
@inproceedings{Dubremetz2012,
author = {Dubremetz, Marie},
file = {:home/marie/.local/share/data/Mendeley Ltd./Mendeley Desktop/Downloaded/Dubremetz - 2012 - D{\'{e}}tecter les chiasmes dont les termes principaux entretiennent une forte proximit{\'{e}} morphologique ou s{\'{e}}mantique.pdf:pdf},
organization = {UFR PHILLIA Paris - Ouest Nanterre La D{\'{e}}fense},
title = {{D{\'{e}}tecter les chiasmes dont les termes principaux entretiennent une forte proximit{\'{e}} morphologique ou s{\'{e}}mantique}},
year = {2012}
}
@misc{Valibel,
abstract = {Caution scientifique : le centre VALIBEL de l'UCL (Un. cath. de Louvain-la-Neuve). Professeur Michel Francard michel.francard@uclouvain.be Soutien logistique : le CENTALl (UCL, {\'{e}}galement) Professeur Cedric Fairon cedrick.fairon@uclouvain.be Projet initi{\'{e}} en 1995 {\`{a}} la r{\'{e}}daction de LMDP ( http://home.scarlet.be/lmdp ) Consultation libre. Pour l'aide {\`{a}} la constultation, voir http://julibel.fltr.ucl.ac.be/},
annote = {centre VALIBEL. Professeur Michel Francard CENTALl (UCL, {\'{e}}galement) Professeur Cedric Fairon cedrick.fairon@uclouvain.be Projet initi{\'{e}} en 1995 {\`{a}} la r{\'{e}}daction de LMDP ( http://home.scarlet.be/lmdp ) Consultation libre. Pour l'aide {\`{a}} la constultation, voir http://julibel.fltr.ucl.ac.be/

Une correction, s'il vous pla{\^{i}}t :au lieu de l'adresse de LMDP (la revue), mettez celle de l'acc{\`{e}}s {\`{a}} la recherche dans JULIBEL : http://julibel.fltr.ucl.ac.be/index.php
Pour un profane, le fichier http://home.scarlet.be/lmdp/julibelmoded'emploi.html me para{\^{i}}t bien utile {\`{a}} citer.},
author = {Bradfer, Jules and Francard, Michel and Fairon, Cedric},
booktitle = {Caution scientifique : le centre VALIBEL de l'UCL (Un. cath. de Louvain-la-Neuve). http://home.scarlet.be/lmdp},
howpublished = {Centres VALIBEL et CENTAL, $\backslash$url{\{}http://julibel.fltr.ucl.ac.be/index.php{\}}, consult{\'{e}} le 08/05/2013},
title = {{Base de donn{\'{e}}es Julibel}},
url = {http://home.scarlet.be/lmdp/julibel.html http://julibel.fltr.ucl.ac.be/ http://www.uclouvain.be/97199.html},
year = {1995}
}
@inproceedings{hromada,
address = {Hissar, Bulgaria},
author = {Hromada, Daniel Devatman},
booktitle = {Proceedings of the Second Student Research Workshop associated with RANLP 2011},
file = {:home/marie/.local/share/data/Mendeley Ltd./Mendeley Desktop/Downloaded/Hromada - 2011 - Initial Experiments with Multilingual Extraction of Rhetoric Figures by means of PERL-compatible Regular Expressions.pdf:pdf},
pages = {85--90},
title = {{Initial Experiments with Multilingual Extraction of Rhetoric Figures by means of PERL-compatible Regular Expressions}},
url = {http://aclweb.org/anthology/R11-2013},
year = {2011}
}
@book{larousse,
author = {Pougeoise, Michel},
isbn = {9782200252397},
publisher = {Armand Colin},
title = {{Dictionnaire de Rh{\'{e}}torique}},
year = {2001}
}
@phdthesis{gawr,
author = {Gawryjolek, Jakub J.},
file = {:home/marie/.local/share/data/Mendeley Ltd./Mendeley Desktop/Downloaded/Gawryjolek - 2009 - Automated Annotation and Visualization of Rhetorical Figures.pdf:pdf},
howpublished = {M{\'{e}}moire de Master},
school = {Universty of Waterloo},
title = {{Automated Annotation and Visualization of Rhetorical Figures}},
type = {Master thesis},
year = {2009}
}
@article{Sagot2008,
author = {Sagot, B and Fi{\v{s}}er, D},
file = {:home/marie/.local/share/data/Mendeley Ltd./Mendeley Desktop/Downloaded/Sagot, Fi{\v{s}}er - 2008 - Building a free french wordnet from multilingual resources.pdf:pdf},
title = {{Building a free french wordnet from multilingual resources}},
url = {http://hal-univ-diderot.archives-ouvertes.fr/inria-00614708/},
year = {2008}
}
@book{Greene2012,
editor = {Greene, Roland and Cushman, Stephen and Cavanagh, Clare and Ramazani, Jahan and Rouzer, Paul},
isbn = {9780691154916},
publisher = {Princeton University Press},
title = {{The Princeton Encyclopedia of Poetry and Poetics: Fourth Edition}},
url = {http://books.google.fr/books?id=uKiC6IeFR2UC http://books.google.fr/books?id=uKiC6IeFR2UC{\&}pg=PA58{\&}lpg=PA58{\&}dq=garcia+page+antimetabole{\&}source=bl{\&}ots=auS7vdihxk{\&}sig=DBQXw6lHoeTDLo9dzX0jmaeofhk{\&}hl=en{\&}sa=X{\&}ei=YkXkULatBcWXhQfO04DoCg{\&}ved=0CCsQ6AEwAA{\#}v=onepage{\&}},
year = {2012}
}
@book{ibekwe,
abstract = {La fouille de textes est une th{\{}{\'{e}}{\}}matique scientifique pluridisciplinaire
mettant en relation la recherche universitaire, la recherche en milieu
industriel, les pr{\{}{\'{e}}{\}}occupations en sciences fondamentales et les
enjeux politico-{\{}{\'{e}}{\}}conomiques. Elle f{\{}{\'{e}}{\}}d{\{}{\`{e}}{\}}re des th{\{}{\'{e}}{\}}matiques
issues des sciences de l'information, de la linguistique, de la statistique
et des m{\{}{\'{e}}{\}}thodes d'apprentissage (I.A). Dans un contexte o{\{}{\`{u}}{\}},
gr{\{}{\^{a}}{\}}ce au Web, l'acc{\{}{\`{e}}{\}}s {\{}{\`{a}}{\}} l'information {\{}{\'{e}}{\}}crite est
divers, abondant, multilingue et multihorizons, la fouille de textes
est par excellence un domaine pour lequel il {\{}{\'{e}}{\}}tait n{\{}{\'{e}}{\}}cessaire
de faire un {\{}{\'{e}}{\}}tat des lieux. Cet ouvrage analyse en profondeur
et de mani{\{}{\`{e}}{\}}re exhaustive les probl{\{}{\'{e}}{\}}matiques et les apports
de la fouille de textes. Il est destin{\{}{\'{e}}{\}} aux doctorants, aux chercheurs
et industriels souhaitant disposer d'une vision globale des m{\{}{\'{e}}{\}}thodes
et enjeux de ce nouveau paradigme de recherche.},
author = {Ibekwe-Sanjuan, Fidelia},
keywords = {fouille de textes ; recherche d'information ; m{\{}{\'{e}}{\}}},
pages = {352},
publisher = {Herm{\`{e}}s - Lavoisier},
series = {Syst{\{}{\`{e}}{\}}mes d'information et organisations documentaires},
title = {{Fouille de texte.}},
url = {http://hal.archives-ouvertes.fr/hal-00636094},
year = {2007}
}
@book{Diderot1789,
author = {Diderot, Denis and D'Alembert, Jean le Rond},
howpublished = {http://books.google.fr/books?id=NchCAAAAYAAJ{\&}lpg=PA198{\&}ots=UEkdoAOE-g{\&}dq=antimetabole{\%}20diderot{\&}pg=PA198{\#}v=onepage{\&}q=antimetabole{\%}20diderot{\&}f=false , consult{\'{e}} le 08/04/2013},
pages = {197--199},
publisher = {Panckoucke},
title = {{Encyclop{\'{e}}die m{\'{e}}thodique: ou par ordre de mati{\`{e}}res, volume 66}},
url = {http://books.google.fr/books?id=NchCAAAAYAAJ{\&}pg=PA198{\&}lpg=PA198{\&}dq=antimetabole+diderot{\&}source=bl{\&}ots=UEkdoAOE-g{\&}sig=R4mY2pV1ml-L3Gm0-EJsfsNykGQ{\&}hl=en{\&}sa=X{\&}ei=XX4qUO3CAoW2hAek34DYCw{\&}ved=0CDEQ6AEwAA{\#}v=onepage{\&}q=antimetabole diderot{\&}f=false},
year = {1782}
}
@misc{Google-Scholar2012,
author = {Google-Scholar},
title = {{Google Scholar}},
url = {http://scholar.google.fr/},
year = {2012}
}
@article{DiMarco1988,
address = {Morristown, NJ, USA},
author = {DiMarco, Chrysanne and Hirst, Graeme},
doi = {10.3115/991635.991666},
file = {:home/marie/.local/share/data/Mendeley Ltd./Mendeley Desktop/Downloaded/DiMarco, Hirst - 1988 - Stylistic Grammars in Language Translation.pdf:pdf},
isbn = {963 8431 56 3},
journal = {Proceedings of the 12th conference on Computational linguistics -},
pages = {148--153},
publisher = {Association for Computational Linguistics},
title = {{Stylistic Grammars in Language Translation}},
url = {http://portal.acm.org/citation.cfm?doid=991635.991666},
volume = {1},
year = {1988}
}
@article{Sinclair1996,
author = {Sinclair, J.},
journal = {EAG--TCWG--CTYP/P},
title = {{Preliminary recommandations on Corpus Typology}},
url = {http://www.ilc.cnr.it/EAGLES96/typology/typology.html},
year = {1996}
}
@article{Singh2008,
author = {Singh, AK},
file = {:home/marie/.local/share/data/Mendeley Ltd./Mendeley Desktop/Downloaded/Singh - 2008 - Natural Language Processing for Less Privileged Languages Where do we come from Where are we going.pdf:pdf},
journal = {NLP for Less Privileged Languages},
number = {January},
pages = {7--12},
title = {{Natural Language Processing for Less Privileged Languages: Where do we come from? Where are we going?}},
url = {http://speech.ee.ntu.edu.tw/{~}aaron/acl/www.aclweb.org/anthology-new/I/I08/I08-3.pdf{\#}page=17},
year = {2008}
}
@book{Porter1980,
author = {Porter, Martin F.},
file = {:home/marie/.local/share/data/Mendeley Ltd./Mendeley Desktop/Downloaded/Porter - 1980 - An Algorithm for Suffix Stripping Program.pdf:pdf},
pages = {14(3) 130--137},
title = {{An Algorithm for Suffix Stripping Program}},
year = {1980}
}
@inproceedings{Schmid,
address = {Manchester, Great Britain},
annote = {$\backslash$url{\{}http://www.ims.uni-stuttgart.de/projekte/corplex/TreeTagger/DecisionTreeTagger.html{\}}
$\backslash$url{\{}http://www.ims.uni-stuttgart.de/projekte/corplex/TreeTagger/{\}}
http://www.ims.uni-stuttgart.de/projekte/corplex/TreeTagger/DecisionTreeTagger.html},
author = {Schmid, Helmut},
booktitle = {Proceedings of International Conference on New Methods in Language Processing},
pages = {44--49},
title = {{Probabilistic Part-of-Speech Tagging Using Decision Trees}},
year = {1994}
}
@book{Bailly1894,
author = {Bailly, Anatole},
edition = {2000},
pages = {2230},
title = {{Dictionnaire Grec Fran{\c{c}}ais}},
year = {1894}
}
@article{Dubremetz,
author = {Dubremetz, Marie},
file = {:home/marie/.local/share/data/Mendeley Ltd./Mendeley Desktop/Downloaded/Dubremetz - Unknown - D{\'{e}}tecter les chiasmes dont les termes principaux entretiennent une forte proximit{\'{e}} morphologique ou s{\'{e}}mantique.pdf:pdf},
journal = {R{\'{e}}cital-2013 (to be submited)},
title = {{D{\'{e}}tecter les chiasmes dont les termes principaux entretiennent une forte proximit{\'{e}} morphologique ou s{\'{e}}mantique}}
}
@book{morier,
author = {Morier, Henri},
publisher = {Presses Universitaires de France},
title = {{Dictionnaire de po{\'{e}}tique et de rh{\'{e}}torique}},
year = {1961}
}
@misc{Xerox2012,
author = {Xerox},
title = {{Xerox Incremental Parser}},
url = {http://open.xerox.com/Services/XIPParser/Consume/64},
year = {2012}
}
@misc{Richert2011,
abstract = {L'Auteur est un moteur qui vous permet de co-{\'{e}}crire avec des auteurs, le plus souvent morts. Au fur et {\`{a}} mesure que vous {\'{e}}crivez, L'Auteur que vous aurez choisi sort de sa tombe pour vous proposer la mani{\`{e}}re dont il continuerait votre phrase.},
author = {Richert, Benoit},
title = {$\backslash$url{\{}http://www.lauteur.com/{\}}},
url = {http://www.lauteur.com/},
year = {2011}
}
@book{VanGorp2001,
author = {{Van Gorp}, Hendrik and Delabastita, Dirk and D'Hulst, Lieven},
isbn = {978-2-7453-0436-0},
publisher = {Honor{\'{e}} Champion},
title = {{Dictionnaire des termes litt{\'{e}}raires}},
year = {2001}
}
