Automatically generated by Mendeley Desktop 1.17.10
Any changes to this file will be lost if it is regenerated by Mendeley.

BibTeX export options can be customized via Options -> BibTeX in Mendeley Desktop

@inproceedings{Dubremetz2017Ep,
author = {Dubremetz, Marie and Nivre, Joakim},
title = {{They Start Alike â€“ They End Alike. Rhetorical Figure Detection for Epanaphora and Epiphora}},
year = {2017}
}
@book{webster1997,
author = {Neufeldt, Victoria and Guralnik, David Bernard},
isbn = {9780028616742},
publisher = {Macmillan},
series = {Webster's New World},
title = {{Webster's New World College Dictionary}},
url = {https://books.google.se/books?id=VVQmAQAAMAAJ},
year = {1997}
}
@inproceedings{dubremetz2015,
address = {Denver, Colorado, USA},
author = {Dubremetz, Marie and Nivre, Joakim},
booktitle = {Proceedings of the Fourth Workshop on Computational Linguistics for Literature},
pages = {23--31},
publisher = {Association for Computational Linguistics.},
title = {{Rhetorical Figure Detection: The Case of Chiasmus}},
url = {http://www.aclweb.org/anthology/W15-0703},
year = {2015}
}
@inproceedings{hammond2013,
address = {Atlanta, Georgia},
author = {Hammond, Adam and Brooke, Julian and Hirst, Graeme},
booktitle = {Proceedings of the Workshop on Computational Linguistics for Literature},
file = {:home/marie/.local/share/data/Mendeley Ltd./Mendeley Desktop/Downloaded/Hammond, Brooke, Hirst - 2013 - A Tale of Two Cultures Bringing Literary Analysis and Computational Linguistics Together.pdf:pdf},
pages = {1--8},
publisher = {Association for Computational Linguistics},
title = {{A Tale of Two Cultures: Bringing Literary Analysis and Computational Linguistics Together}},
url = {http://www.aclweb.org/anthology/W13-1401},
year = {2013}
}
@book{font,
annote = {1993? 1977? 1968?},
author = {Fontanier, Pierre},
edition = {1977},
publisher = {Flammarion},
title = {{Les Figures du discours}},
url = {http://catalogue.bibliotheque.bm-lille.fr/alswww1.dll/APS{\_}ZONES?fn=ViewNotice{\&}q=503519},
year = {1827}
}
@book{gradus,
author = {Dupriez, Bernard},
isbn = {2-264-03709-1},
publisher = {Union G{\'{e}}n{\'{e}}rale d'{\'{E}}ditions 10/18},
title = {{Gradus, les proc{\'{e}}d{\'{e}}s litt{\'{e}}raires}},
year = {2003}
}
@article{Vandendorpe1991,
author = {Vandendorpe, Christian},
file = {:home/marie/.local/share/data/Mendeley Ltd./Mendeley Desktop/Downloaded/Unknown - Unknown - Lecture et qu{\^{e}}te de sens.pdf:pdf},
journal = {Prot{\'{e}}e},
pages = {95--101},
title = {{Lecture et qu{\^{e}}te de sens}},
url = {http://www.ruor.uottawa.ca/en/bitstream/handle/10393/12791/Vandendorpe{\_}Christian{\_}1991{\_}Lecture{\_}et{\_}qu{\^{e}}te{\_}de{\_}sens.pdf?sequence=3},
volume = {19},
year = {1991}
}
@inproceedings{Kelly2010,
address = {New York, NY, USA},
author = {Kelly, Ashley R and Abbott, Nike A and Harris, Randy Allen and DiMarco, Chrysanne and Cheriton, David R},
booktitle = {Proceedings of the 28th ACM International Conference on Design of Communication},
doi = {10.1145/1878450.1878471},
file = {:media/Verbatim/Mesdocuments/Uppsala/Download/p123-kelly.pdf:pdf},
isbn = {978-1-4503-0403-0},
keywords = {ontology,rhetoric,rhetorical figures},
pages = {123--130},
publisher = {ACM},
series = {SIGDOC '10},
title = {{Toward an Ontology of Rhetorical Figures}},
url = {http://doi.acm.org/10.1145/1878450.1878471},
year = {2010}
}
@article{Willett1997,
author = {Clarke, Sarah J. and Willett, Peter},
doi = {10.1108/eb051463},
file = {:home/marie/.local/share/data/Mendeley Ltd./Mendeley Desktop/Downloaded/Clarke, Willett - 1997 - Estimating the recall performance of Web search engines.pdf:pdf},
issn = {0001-253X},
journal = {Proceedings of Aslib},
number = {7},
pages = {184--189},
title = {{Estimating the recall performance of Web search engines}},
url = {http://www.emeraldinsight.com/10.1108/eb051463},
volume = {49},
year = {1997}
}
@inproceedings{manning2014,
author = {Manning, Christopher D and Surdeanu, Mihai and Bauer, John and Finkel, Jenny and Bethard, Steven J and McClosky, David},
booktitle = {Association for Computational Linguistics (ACL) System Demonstrations},
pages = {55--60},
title = {{The Stanford CoreNLP Natural Language Processing Toolkit}},
url = {http://www.aclweb.org/anthology/P/P14/P14-5010},
year = {2014}
}
@book{siemens2008,
abstract = {This Companion offers a thorough, concise overview of the emerging field of humanities computing. Contains 37 original articles written by leaders in the field. Addresses the central concerns shared by those interested in the subject. Major sections focus on the experience of particular disciplines in applying computational methods to research problems; the basic principles of humanities computing; specific applications and methods; and production, dissemination and archiving. Accompanied by a website featuring supplementary materials, standard readings in the field and essays to be included in future editions of the Companion.},
author = {Schreibman, Susan and Siemens, Ray and Unsworth, John},
isbn = {9780470999868},
keywords = {Language Arts {\&} Disciplines / General,Literary Criticism / General},
month = {apr},
publisher = {John Wiley {\&} Sons},
title = {{A Companion to Digital Humanities}},
year = {2008}
}
@inproceedings{koehn2005,
address = {Phuket, Thailand},
author = {Koehn, Philipp},
booktitle = {The Tenth Machine Translation Summit},
keywords = {Corpus Europarl MT Master},
pages = {79--86},
title = {{Europarl: A Parallel Corpus for Statistical Machine Translation}},
url = {http://mt-archive.info/MTS-2005-Koehn.pdf},
year = {2005}
}
@inproceedings{dunn2013,
address = {Atlanta, Georgia},
author = {Dunn, Jonathan},
booktitle = {Proceedings of the First Workshop on Metaphor in NLP},
file = {:media/Verbatim/Mesdocuments/Uppsala/Download/Dunn2013.pdf:pdf},
pages = {1--10},
publisher = {Association for Computational Linguistics},
title = {{What metaphor identification systems can tell us about metaphor-in-language}},
url = {http://www.aclweb.org/anthology/W13-0901},
year = {2013}
}
@inproceedings{hromada,
address = {Hissar, Bulgaria},
author = {Hromada, Daniel Devatman},
booktitle = {Proceedings of the Second Student Research Workshop associated with RANLP 2011},
file = {:home/marie/.local/share/data/Mendeley Ltd./Mendeley Desktop/Downloaded/Hromada - 2011 - Initial Experiments with Multilingual Extraction of Rhetoric Figures by means of PERL-compatible Regular Expressions.pdf:pdf},
pages = {85--90},
title = {{Initial Experiments with Multilingual Extraction of Rhetoric Figures by means of PERL-compatible Regular Expressions}},
url = {http://aclweb.org/anthology/R11-2013},
year = {2011}
}
@phdthesis{gawr,
author = {Gawryjolek, Jakub J.},
file = {:home/marie/.local/share/data/Mendeley Ltd./Mendeley Desktop/Downloaded/Gawryjolek - 2009 - Automated Annotation and Visualization of Rhetorical Figures.pdf:pdf},
howpublished = {M{\'{e}}moire de Master},
school = {Universty of Waterloo},
title = {{Automated Annotation and Visualization of Rhetorical Figures}},
type = {Master thesis},
year = {2009}
}
@article{Pedregosa2011,
author = {Pedregosa, Fabian and Varoquaux, Ga{\"{e}}l and Gramfort, Alexandre and Michel, Vincent and Thirion, Bertrand and Grisel, Olivier and Blondel, Mathieu and Prettenhofer, Peter and Weiss, Ron and Dubourg, Vincent and Vanderplas, Jake and Passos, Alexandre and Cournapeau, David and Brucher, Matthieu and Perrot, Matthieu and Duchesnay, {\'{E}}douard},
issn = {1532-4435},
journal = {Journal of Machine Learning Research},
pages = {2825--2830},
publisher = {JMLR.org},
title = {{Scikit-learn: Machine Learning in Python}},
url = {http://dl.acm.org/citation.cfm?id=1953048.2078195},
volume = {12},
year = {2011}
}
@book{Greene2012,
editor = {Greene, Roland and Cushman, Stephen and Cavanagh, Clare and Ramazani, Jahan and Rouzer, Paul},
isbn = {9780691154916},
publisher = {Princeton University Press},
title = {{The Princeton Encyclopedia of Poetry and Poetics: Fourth Edition}},
url = {http://books.google.fr/books?id=uKiC6IeFR2UC http://books.google.fr/books?id=uKiC6IeFR2UC{\&}pg=PA58{\&}lpg=PA58{\&}dq=garcia+page+antimetabole{\&}source=bl{\&}ots=auS7vdihxk{\&}sig=DBQXw6lHoeTDLo9dzX0jmaeofhk{\&}hl=en{\&}sa=X{\&}ei=YkXkULatBcWXhQfO04DoCg{\&}ved=0CCsQ6AEwAA{\#}v=onepage{\&}},
year = {2012}
}
@phdthesis{Strommer2011,
author = {Strommer, Claus Walter},
publisher = {University of Waterloo},
school = {University of Waterloo},
title = {{Using Rhetorical Figures and Shallow Attributes as a Metric of Intent in Text}},
url = {http://hdl.handle.net/10012/5972},
year = {2011}
}
@inproceedings{dubremetz2013,
address = {Les Sables d'Olonne, France},
author = {Dubremetz, Marie},
booktitle = {Actes de la 15e Rencontres des {\'{E}}tudiants Chercheurs en Informatique pour le Traitement Automatique des Langues (RECITAL'2013)},
file = {:home/marie/.local/share/data/Mendeley Ltd./Mendeley Desktop/Downloaded/Dubremetz - 2013 - Vers une identification automatique du chiasme de mots.pdf:pdf},
pages = {150--163},
title = {{Vers une identification automatique du chiasme de mots}},
year = {2013}
}
@book{croft2010,
abstract = {No Abstract.},
author = {Croft, Bruce and Metzler, Donald and Strohman, Trevor},
booktitle = {The Computer Journal},
isbn = {9780136072249},
issn = {0010-4620},
number = {5},
pages = {831--832},
pmid = {2009002640},
publisher = {Pearson Education},
title = {{Search Engines: Information Retrieval in Practice: International Edition}},
volume = {54},
year = {2010}
}
@inproceedings{Dubremetz2017,
address = {Gothenburg, Sweden},
author = {Dubremetz, Marie and Nivre, Joakim},
booktitle = {Proceedings of the 21st Nordic Conference of Computational Linguistics},
pages = {37--45},
publisher = {Link{\"{o}}ping University Electronic Press.},
title = {{Machine Learning for Rhetorical Figure Detection: More Chiasmus with Less Annotation}},
year = {2017}
}
@article{Chowdhury1999,
author = {Chowdhury, Gobinda},
doi = {10.1108/EUM0000000007144},
file = {:home/marie/.local/share/data/Mendeley Ltd./Mendeley Desktop/Downloaded/Chowdhury - 1999 - The internet and information retrieval research a brief review.pdf:pdf},
issn = {0022-0418},
journal = {Journal of Documentation},
number = {2},
pages = {209--225},
title = {{The internet and information retrieval research: a brief review}},
url = {http://www.emeraldinsight.com/10.1108/EUM0000000007144},
volume = {55},
year = {1999}
}
@inproceedings{dubremetz2016,
address = {San Diego, California, USA},
author = {Dubremetz, Marie and Nivre, Joakim},
booktitle = {Proceedings of the Fifth Workshop on Computational Linguistics for Literature},
pages = {47--53},
publisher = {Association for Computational Linguistics.},
title = {{Syntax Matters for Rhetorical Structure: The Case of Chiasmus}},
year = {2016}
}
