Automatically generated by Mendeley Desktop 1.17.10
Any changes to this file will be lost if it is regenerated by Mendeley.

BibTeX export options can be customized via Options -> BibTeX in Mendeley Desktop

@article{Lee2003,
author = {Lee, Lillian},
journal = {CoRR},
title = {{"I'm sorry Dave, I'm afraid I can't do that": Linguistics, Statistics and Natural Language Processing circa 2001}},
volume = {cs.CL/0304},
year = {2003}
}
@book{Okasha2002,
author = {Okasha, Samir},
edition = {1st},
howpublished = {Paperback},
isbn = {0192802836},
month = {jul},
publisher = {Oxford University Press},
title = {{Philosophy of science: a very short introduction}},
url = {http://www.amazon.com/exec/obidos/redirect?tag=citeulike07-20{\&}path=ASIN/0192802836},
year = {2002}
}
