Automatically generated by Mendeley Desktop 1.17.10
Any changes to this file will be lost if it is regenerated by Mendeley.

BibTeX export options can be customized via Options -> BibTeX in Mendeley Desktop

@article{SilberzteinLadl1990,
annote = {http://www.persee.fr/web/revues/home/prescript/article/lfr{\_}0023-8368{\_}1990{\_}num{\_}87{\_}1{\_}6328
10.3406/lfr.1990.6328},
author = {Silberztein, Max and L.A.D.L.},
file = {:home/marie/.local/share/data/Mendeley Ltd./Mendeley Desktop/Downloaded/Silberztein, L.A.D.L. - 1990 - Le dictionnaire {\'{e}}lectronique des mots compos{\'{e}}s.pdf:pdf},
issn = {0023-8368},
journal = {Langue fran{\c{c}}aise},
number = {1},
pages = {71--83},
title = {{Le dictionnaire {\'{e}}lectronique des mots compos{\'{e}}s}},
volume = {87},
year = {1990}
}
@inproceedings{Ramisch2012enfr,
address = {Jeju Island, Korea},
author = {Ramisch, Carlos and {De Araujo}, Vitor and Villavicencio, Aline},
booktitle = {Proceedings of ACL 2012 Student Research Workshop},
pages = {1--6},
publisher = {Association for Computational Linguistics},
title = {{A Broad Evaluation of Techniques for Automatic Acquisition of Multiword Expressions}},
url = {http://www.aclweb.org/anthology/W12-3301},
year = {2012}
}
@article{Pecina2010,
author = {Pecina, Pavel},
journal = {Language Resources and Evaluation},
keywords = {dblp},
number = {1-2},
pages = {137--158},
title = {{Lexical association measures and collocation extraction.}},
url = {http://dblp.uni-trier.de/db/journals/lre/lre44.html{\#}Pecina10},
volume = {44},
year = {2010}
}
@article{katz2006,
author = {Katz, Graham},
file = {:home/marie/.local/share/data/Mendeley Ltd./Mendeley Desktop/Downloaded/Katz - 2006 - Proceedings of the Workshop on Multiword Expressions Identifying and Exploiting Underlying Properties.pdf:pdf},
number = {July},
pages = {12--19},
title = {{Proceedings of the Workshop on Multiword Expressions: Identifying and Exploiting Underlying Properties}},
year = {2006}
}
@inproceedings{Ramisch2012,
address = {Grenoble, France},
annote = {(RECITAL{\&}{\#}039;2012)},
author = {Ramisch, Carlos},
booktitle = {Actes de la 14e Rencontres des {\'{E}}tudiants Chercheurs en Informatique pour le Traitement Automatique des Langues},
file = {:home/marie/.local/share/data/Mendeley Ltd./Mendeley Desktop/Downloaded/Ramisch - 2012 - Une plate-forme g{\'{e}}n{\'{e}}rique et ouverte pour l'acquisition des expressions polylexicales.pdf:pdf},
pages = {137--149},
title = {{Une plate-forme g{\'{e}}n{\'{e}}rique et ouverte pour l'acquisition des expressions polylexicales}},
year = {2012}
}
@inproceedings{Tsvetkov2011,
address = {Edinburgh, Great Britain},
annote = {978-1-937284-11-4},
author = {Tsvetkov, Yulia and Wintner, Shuly},
booktitle = {Empirical Methods in Natural Language Processing},
pages = {836--845},
title = {{Identification of Multi-word Expressions by Combining Multiple Linguistic Information Sources}},
year = {2011}
}
@article{Ramisch2010,
author = {Ramisch, Carlos and Villavicencio, Aline and Boitet, Christian},
file = {:home/marie/.local/share/data/Mendeley Ltd./Mendeley Desktop/Downloaded/Ramisch, Villavicencio, Boitet - 2010 - Multiword expressions in the wild the mwetoolkit comes in handy.pdf:pdf},
journal = {Proceedings of the 23rd {\ldots}},
number = {August},
pages = {57--60},
title = {{Multiword expressions in the wild?: the mwetoolkit comes in handy}},
url = {http://dl.acm.org/citation.cfm?id=1944299},
year = {2010}
}
@article{Lee2003,
author = {Lee, Lillian},
journal = {CoRR},
title = {{"I'm sorry Dave, I'm afraid I can't do that": Linguistics, Statistics and Natural Language Processing circa 2001}},
volume = {cs.CL/0304},
year = {2003}
}
@inproceedings{Zilio2011,
address = {Cuiab{\'{a}}, Brazil},
annote = {http://www.lbd.dcc.ufmg.br/colecoes/stil/2011/0029.pdf},
author = {Zilio, Leonardo and Svoboda, Luiz and {Longhi Rossi}, Luiz Henrique and {Martins Feitosa}, Rafael},
booktitle = {8th Brazilian Symposium in Information and Human Language Technology},
file = {:home/marie/.local/share/data/Mendeley Ltd./Mendeley Desktop/Downloaded/Zilio et al. - 2011 - Automatic extraction and evaluation of MWE.pdf:pdf},
pages = {214--218},
title = {{Automatic extraction and evaluation of MWE}},
year = {2011}
}
@inproceedings{Ramisch2010hybrid,
address = {Porto Alegre, Brazil},
author = {Ramisch, Carlos and {de Medeiros Caseli}, Helena and Villavicencio, Aline and Machado, Andr{\'{e}} and Finatto, Maria Jos{\'{e}}},
booktitle = {Proceedings of the 9th International Conference on Computational Processing of Portuguese Language (PROPOR)},
pages = {65--74},
title = {{A Hybrid Approach for Multiword Expression Identification}},
year = {2010}
}
@article{Villavicencio2005,
annote = {http://linkinghub.elsevier.com/retrieve/pii/S0885230805000136
10.1016/j.csl.2004.12.003},
author = {Villavicencio, Aline},
file = {:home/marie/.local/share/data/Mendeley Ltd./Mendeley Desktop/Downloaded/Villavicencio - 2005 - The availability of verb–particle constructions in lexical resources How much is enough.pdf:pdf},
issn = {08852308},
journal = {Computer Speech {\&} Language},
number = {4},
pages = {415--432},
title = {{The availability of verb–particle constructions in lexical resources: How much is enough?}},
volume = {19},
year = {2005}
}
@book{Okasha2002,
author = {Okasha, Samir},
edition = {1st},
howpublished = {Paperback},
isbn = {0192802836},
month = {jul},
publisher = {Oxford University Press},
title = {{Philosophy of science: a very short introduction}},
url = {http://www.amazon.com/exec/obidos/redirect?tag=citeulike07-20{\&}path=ASIN/0192802836},
year = {2002}
}
@inproceedings{Pecina2008,
address = {Marrakech, Morocco},
annote = {2-9517408-4-0},
author = {Pecina, Pavel},
booktitle = {Proceedings of the LREC 2008 Workshop Towards a Shared Task for Multiword Expressions},
pages = {54--57},
title = {{A Machine Learning Approach to Multiword Expression Extraction}},
year = {2008}
}
@inproceedings{koehn2005,
address = {Phuket, Thailand},
author = {Koehn, Philipp},
booktitle = {The Tenth Machine Translation Summit},
keywords = {Corpus Europarl MT Master},
pages = {79--86},
title = {{Europarl: A Parallel Corpus for Statistical Machine Translation}},
url = {http://mt-archive.info/MTS-2005-Koehn.pdf},
year = {2005}
}
@inproceedings{Islam2012,
address = {Mumbai, India},
author = {Islam, Aminul and Milios, Evangelos E and Keselj, Vlado},
booktitle = {COLING, International Conference on Computational Linguistics (Posters)},
file = {:home/marie/.local/share/data/Mendeley Ltd./Mendeley Desktop/Downloaded/Islam, Milios, Keselj - 2012 - Comparing Word Relatedness Measures Based on Google n-grams.pdf:pdf},
pages = {495--506},
title = {{Comparing Word Relatedness Measures Based on Google n-grams}},
year = {2012}
}
@incollection{year,
title = {{No Title}}
}
@inproceedings{Schmid,
address = {Manchester, Great Britain},
annote = {$\backslash$url{\{}http://www.ims.uni-stuttgart.de/projekte/corplex/TreeTagger/DecisionTreeTagger.html{\}}
$\backslash$url{\{}http://www.ims.uni-stuttgart.de/projekte/corplex/TreeTagger/{\}}
http://www.ims.uni-stuttgart.de/projekte/corplex/TreeTagger/DecisionTreeTagger.html},
author = {Schmid, Helmut},
booktitle = {Proceedings of International Conference on New Methods in Language Processing},
pages = {44--49},
title = {{Probabilistic Part-of-Speech Tagging Using Decision Trees}},
year = {1994}
}
@article{Weka,
address = {New York, NY, USA},
author = {Hall, Mark and Frank, Eibe and Holmes, Geoffrey and Pfahringer, Bernhard and Reutemann, Peter and Witten, Ian H},
doi = {10.1145/1656274.1656278},
issn = {1931-0145},
journal = {SIGKDD Exploration Newsletter},
number = {1},
pages = {10--18},
publisher = {ACM},
title = {{The WEKA data mining software: an update}},
url = {http://doi.acm.org/10.1145/1656274.1656278},
volume = {11},
year = {2009}
}
