Automatically generated by Mendeley Desktop 1.17.10
Any changes to this file will be lost if it is regenerated by Mendeley.

BibTeX export options can be customized via Options -> BibTeX in Mendeley Desktop

@inproceedings{charniak96,
author = {Charniak, Eugene},
booktitle = {Proceedings of AAAI},
file = {:home/marie/.local/share/data/Mendeley Ltd./Mendeley Desktop/Downloaded/Charniak - 1996 - Tree-Bank Grammars.pdf:pdf},
pages = {1031--1036},
title = {{Tree-Bank Grammars}},
url = {http://www.aaai.org/Library/AAAI/1996/aaai96-153.php},
year = {1996}
}
@inproceedings{wehrli92,
author = {Wehrli, Eric},
booktitle = {Proceedings of COLING 1992 Volume 3: The 15th International Conference on Computational Linguistics},
file = {:home/marie/.local/share/data/Mendeley Ltd./Mendeley Desktop/Downloaded/Wehrli - 1992 - The IPS System.pdf:pdf},
title = {{The IPS System}},
url = {http://aclweb.org/anthology/C92-3129},
year = {1992}
}
@inproceedings{wehrli2009,
author = {Wehrli, Eric and Nerima, Luka},
booktitle = {Proceedings of IWPT 2009 ATALA Workshop: What French parsing systems},
file = {:home/marie/.local/share/data/Mendeley Ltd./Mendeley Desktop/Downloaded/Wehrli, Nerima - 2009 - L'analyseur syntaxique Fips.pdf:pdf},
title = {{L'analyseur syntaxique Fips}},
year = {2009}
}
@inproceedings{foster2010,
author = {Foster, Jennifer},
booktitle = {Proceedings of the NAACL-HLT},
file = {:home/marie/.local/share/data/Mendeley Ltd./Mendeley Desktop/Downloaded/Foster - 2010 - ``cba to check the spelling'' Investigating Parser Performance on Discussion Forum Posts.pdf:pdf},
pages = {381--384},
publisher = {Association for Computational Linguistics},
title = {{``cba to check the spelling'': Investigating Parser Performance on Discussion Forum Posts}},
url = {http://aclweb.org/anthology/N10-1060},
year = {2010}
}
@inproceedings{koo2010,
address = {Stroudsburg, PA, USA},
author = {Koo, Terry and Collins, Michael},
booktitle = {Proceedings of the 48th Annual Meeting of the Association for Computational Linguistics},
pages = {1--11},
publisher = {Association for Computational Linguistics},
series = {ACL '10},
title = {{Efficient Third-order Dependency Parsers}},
url = {http://dl.acm.org/citation.cfm?id=1858681.1858682},
year = {2010}
}
@inproceedings{charniak2005,
address = {Stroudsburg, PA, USA},
author = {Charniak, Eugene and Johnson, Mark},
booktitle = {Proceedings of the 43rd Annual Meeting on Association for Computational Linguistics},
doi = {10.3115/1219840.1219862},
pages = {173--180},
publisher = {Association for Computational Linguistics},
series = {ACL '05},
title = {{Coarse-to-fine N-best Parsing and MaxEnt Discriminative Reranking}},
url = {http://dx.doi.org/10.3115/1219840.1219862},
year = {2005}
}
