Automatically generated by Mendeley Desktop 1.17.10
Any changes to this file will be lost if it is regenerated by Mendeley.

BibTeX export options can be customized via Options -> BibTeX in Mendeley Desktop

@article{Clark04,
author = {Clark, David},
file = {:home/marie/.local/share/data/Mendeley Ltd./Mendeley Desktop/Downloaded/Clark - 2004 - Testing programming skills with multiple choice questions.pdf:pdf},
journal = {Informatics in Education},
title = {{Testing programming skills with multiple choice questions}},
url = {http://www.ceeol.com/aspx/getdocument.aspx?logid=5{\&}id=51332211671f478a9468b5275b3a8f35},
volume = {3},
year = {2004}
}
@article{Baldridge2008,
abstract = {We describe course adaptation and development for teaching computational linguistics for the diverse body of undergraduate and graduate students the Department of Linguistics at the University of Texas at Austin. We also discuss classroom tools and teaching aids we have used and created, and we mention our efforts to develop a campus-wide computational linguistics program.},
author = {Baldridge, Jason and Erk, Katrin},
file = {:home/marie/.local/share/data/Mendeley Ltd./Mendeley Desktop/Downloaded/Baldridge, Erk - 2008 - Teaching computational linguistics to a large, diverse student body courses, tools, and interdepartmental intera.pdf:pdf},
journal = {Proceedings of the Third Workshop on Issues in Teaching Computational Linguistics},
pages = {1--9},
publisher = {Association for Computational Linguistics},
title = {{Teaching computational linguistics to a large, diverse student body: courses, tools, and interdepartmental interaction}},
url = {papers2://publication/uuid/849BE196-954D-46F6-8810-971CA3E9B58C},
year = {2008}
}
@article{Barlow2012,
author = {Barlow, Angela T and Marolt, Amy M},
file = {:home/marie/.local/share/data/Mendeley Ltd./Mendeley Desktop/Downloaded/Martin - 2014 - Association for Middle Level Education.pdf:pdf},
issn = {00940771},
journal = {Middle School Journal},
number = {3},
pages = {pp. 50--55},
publisher = {Association for Middle Level Education (AMLE)},
title = {{Effective use of multiple-choice items in the mathematics classroom: Well designed multiple-choice items can provide more than a summative check of knowledge and skills}},
url = {http://www.jstor.org/stable/23074859},
volume = {43},
year = {2012}
}
@article{Manouchehri2003,
author = {Manouchehri, Azita and Lapp, Douglas A},
file = {:home/marie/.local/share/data/Mendeley Ltd./Mendeley Desktop/Downloaded/Council, Teacher - 2014 - National Council of Teachers of Mathematics.pdf:pdf},
issn = {00255769},
journal = {The Mathematics Teacher},
number = {8},
pages = {pp. 562--566},
publisher = {National Council of Teachers of Mathematics},
title = {{Unveiling Student Understanding: The Role of Questioning in Instruction}},
url = {http://www.jstor.org/stable/20871434},
volume = {96},
year = {2003}
}
@article{Haines2005,
author = {Haines, Christopher},
doi = {10.1093/teamat/hri004},
file = {:home/marie/.local/share/data/Mendeley Ltd./Mendeley Desktop/Downloaded/Haines - 2005 - Applying mathematics making multiple-choice questions work.pdf:pdf},
issn = {0268-3679},
journal = {Teaching Mathematics and its Applications},
month = {sep},
number = {2-3},
pages = {107--113},
title = {{Applying mathematics: making multiple-choice questions work}},
url = {http://teamat.oxfordjournals.org/cgi/doi/10.1093/teamat/hri004},
volume = {24},
year = {2005}
}
@article{Arnal1988,
abstract = {L'enseignement de la g{\'{e}}ographie est confront{\'{e}} {\`{a}} l'irruption de nouvelles technologies comme la t{\'{e}}l{\'{e}}matique. Jusqu'{\`{a}} pr{\'{e}}sent les principaux programmes d'aide {\`{a}} l'enseignement sur Minitel concernent essentiellement des tests de connaissance sous forme de Questionnaires {\`{a}} Choix Multiples (QCM) privil{\'{e}}giant le texte par rapport {\`{a}} l'image. Ce champ d'exp{\'{e}}rimentation n'a pas encore fait l'objet d'une r{\'{e}}flexion didactique approfondie La t{\'{e}}l{\'{e}}matique oblige l'auteur {\`{a}} pratiquer certains choix dans la formulation du discours g{\'{e}}ographique Le ma{\^{i}}tre ou l'{\'{e}}l{\`{e}}ve peuvent devenir ais{\'{e}}ment des concepteurs {\'{e}}laborant des banques de donn{\'{e}}es. Les exp{\'{e}}riences conduites {\`{a}} l'Universit{\'{e}} de Saint-Etienne sur le videotex ASTREE en direction des coll{\`{e}}gesjyc{\'{e}}es et universit{\'{e}}s ouvrent des perspectives int{\'{e}}ressantes pour la recherche en didactique de la g{\'{e}}ographie.},
author = {Arnal, Fran{\c{c}}ois},
doi = {10.3406/geoca.1988.3371},
file = {:home/marie/.local/share/data/Mendeley Ltd./Mendeley Desktop/Downloaded/Arnal - 1988 - Le questionnaire {\`{a}} choix multiple sur minitel une nouvelle proc{\'{e}}dure didactique dans l'enseignement de la g{\'{e}}ographie.pdf:pdf},
issn = {0035-113X},
journal = {Revue de g{\'{e}}ographie de Lyon},
keywords = {DIDACTIQUE DE LA GEOGRAPHIE,GEOGRAPHY TEACHING,INFORMATICS AND TELEMATIC,INFORMATIQUE,M ะก Q.,QCM,TELEMATIQUE},
number = {2},
pages = {69--77},
publisher = {Universit{\'{e}} de Lyon},
title = {{Le questionnaire {\`{a}} choix multiple sur minitel : une nouvelle proc{\'{e}}dure didactique dans l'enseignement de la g{\'{e}}ographie/ M.C.Q. on Minitel : new proceedings in geographical teaching}},
url = {/web/revues/home/prescript/article/geoca{\_}0035-113x{\_}1988{\_}num{\_}63{\_}2{\_}3371},
volume = {63},
year = {1988}
}
