Automatically generated by Mendeley Desktop 1.17.10
Any changes to this file will be lost if it is regenerated by Mendeley.

BibTeX export options can be customized via Options -> BibTeX in Mendeley Desktop

@article{SilberzteinLadl1990,
annote = {http://www.persee.fr/web/revues/home/prescript/article/lfr{\_}0023-8368{\_}1990{\_}num{\_}87{\_}1{\_}6328
10.3406/lfr.1990.6328},
author = {Silberztein, Max and L.A.D.L.},
file = {:home/marie/.local/share/data/Mendeley Ltd./Mendeley Desktop/Downloaded/Silberztein, L.A.D.L. - 1990 - Le dictionnaire {\'{e}}lectronique des mots compos{\'{e}}s.pdf:pdf},
issn = {0023-8368},
journal = {Langue fran{\c{c}}aise},
number = {1},
pages = {71--83},
title = {{Le dictionnaire {\'{e}}lectronique des mots compos{\'{e}}s}},
volume = {87},
year = {1990}
}
@inproceedings{Ramisch2012enfr,
address = {Jeju Island, Korea},
author = {Ramisch, Carlos and {De Araujo}, Vitor and Villavicencio, Aline},
booktitle = {Proceedings of ACL 2012 Student Research Workshop},
pages = {1--6},
publisher = {Association for Computational Linguistics},
title = {{A Broad Evaluation of Techniques for Automatic Acquisition of Multiword Expressions}},
url = {http://www.aclweb.org/anthology/W12-3301},
year = {2012}
}
@article{Pecina2010,
author = {Pecina, Pavel},
journal = {Language Resources and Evaluation},
keywords = {dblp},
number = {1-2},
pages = {137--158},
title = {{Lexical association measures and collocation extraction.}},
url = {http://dblp.uni-trier.de/db/journals/lre/lre44.html{\#}Pecina10},
volume = {44},
year = {2010}
}
@inproceedings{Ramisch2010,
address = {Beijing, China},
annote = {http://dblp.uni-trier.de/db/conf/coling/coling2010d.html{\#}RamischVB10a},
author = {Ramisch, Carlos and Villavicencio, Aline and Boitet, Christian},
booktitle = {COLING, International Conference on Computational Linguistics (Demos)},
file = {:home/marie/.local/share/data/Mendeley Ltd./Mendeley Desktop/Downloaded/Ramisch, Villavicencio, Boitet - 2010 - Multiword expressions in the wild the mwetoolkit comes in handy.pdf:pdf},
keywords = {dblp},
pages = {57--60},
title = {{Multiword Expressions in the wild? The mwetoolkit comes in handy.}},
year = {2010}
}
@inproceedings{Ramisch2010hybrid,
address = {Porto Alegre, Brazil},
author = {Ramisch, Carlos and {de Medeiros Caseli}, Helena and Villavicencio, Aline and Machado, Andr{\'{e}} and Finatto, Maria Jos{\'{e}}},
booktitle = {Proceedings of the 9th International Conference on Computational Processing of Portuguese Language (PROPOR)},
pages = {65--74},
title = {{A Hybrid Approach for Multiword Expression Identification}},
year = {2010}
}
@inproceedings{koehn2005,
address = {Phuket, Thailand},
author = {Koehn, Philipp},
booktitle = {The Tenth Machine Translation Summit},
keywords = {Corpus Europarl MT Master},
pages = {79--86},
title = {{Europarl: A Parallel Corpus for Statistical Machine Translation}},
url = {http://mt-archive.info/MTS-2005-Koehn.pdf},
year = {2005}
}
@inproceedings{Schmid,
address = {Manchester, Great Britain},
annote = {$\backslash$url{\{}http://www.ims.uni-stuttgart.de/projekte/corplex/TreeTagger/DecisionTreeTagger.html{\}}
$\backslash$url{\{}http://www.ims.uni-stuttgart.de/projekte/corplex/TreeTagger/{\}}
http://www.ims.uni-stuttgart.de/projekte/corplex/TreeTagger/DecisionTreeTagger.html},
author = {Schmid, Helmut},
booktitle = {Proceedings of International Conference on New Methods in Language Processing},
pages = {44--49},
title = {{Probabilistic Part-of-Speech Tagging Using Decision Trees}},
year = {1994}
}
