Automatically generated by Mendeley Desktop 1.17.10
Any changes to this file will be lost if it is regenerated by Mendeley.

BibTeX export options can be customized via Options -> BibTeX in Mendeley Desktop

@inproceedings{dubremetz2015,
address = {Denver, Colorado, USA},
author = {Dubremetz, Marie and Nivre, Joakim},
booktitle = {Proceedings of the Fourth Workshop on Computational Linguistics for Literature},
pages = {23--31},
publisher = {Association for Computational Linguistics.},
title = {{Rhetorical Figure Detection: The Case of Chiasmus}},
url = {http://www.aclweb.org/anthology/W15-0703},
year = {2015}
}
@inproceedings{dubremetz-nivre:2014:MWE,
address = {Gothenburg, Sweden},
author = {Dubremetz, Marie and Nivre, Joakim},
booktitle = {Proceedings of the 10th Workshop on Multiword Expressions (MWE)},
file = {:home/marie/.local/share/data/Mendeley Ltd./Mendeley Desktop/Downloaded/Dubremetz, Nivre - 2014 - Extraction of Nominal Multiword Expressions in French.pdf:pdf},
month = {apr},
pages = {72--76},
publisher = {Association for Computational Linguistics},
title = {{Extraction of Nominal Multiword Expressions in French}},
url = {http://www.aclweb.org/anthology/W14-0812},
year = {2014}
}
@inproceedings{Dubremetz2012,
author = {Dubremetz, Marie},
file = {:home/marie/.local/share/data/Mendeley Ltd./Mendeley Desktop/Downloaded/Dubremetz - 2012 - D{\'{e}}tecter les chiasmes dont les termes principaux entretiennent une forte proximit{\'{e}} morphologique ou s{\'{e}}mantique.pdf:pdf},
organization = {UFR PHILLIA Paris - Ouest Nanterre La D{\'{e}}fense},
title = {{D{\'{e}}tecter les chiasmes dont les termes principaux entretiennent une forte proximit{\'{e}} morphologique ou s{\'{e}}mantique}},
year = {2012}
}
@inproceedings{dubremetz2013,
address = {Les Sables d'Olonne, France},
author = {Dubremetz, Marie},
booktitle = {Actes de la 15e Rencontres des {\'{E}}tudiants Chercheurs en Informatique pour le Traitement Automatique des Langues (RECITAL'2013)},
file = {:home/marie/.local/share/data/Mendeley Ltd./Mendeley Desktop/Downloaded/Dubremetz - 2013 - Vers une identification automatique du chiasme de mots.pdf:pdf},
pages = {150--163},
title = {{Vers une identification automatique du chiasme de mots}},
year = {2013}
}
@inproceedings{Dubremetz2017,
address = {Gothenburg, Sweden},
author = {Dubremetz, Marie and Nivre, Joakim},
booktitle = {Proceedings of the 21st Nordic Conference of Computational Linguistics},
pages = {37--45},
publisher = {Link{\"{o}}ping University Electronic Press.},
title = {{Machine Learning for Rhetorical Figure Detection: More Chiasmus with Less Annotation}},
year = {2017}
}
@inproceedings{dubremetz2016,
address = {San Diego, California, USA},
author = {Dubremetz, Marie and Nivre, Joakim},
booktitle = {Proceedings of the Fifth Workshop on Computational Linguistics for Literature},
pages = {47--53},
publisher = {Association for Computational Linguistics.},
title = {{Syntax Matters for Rhetorical Structure: The Case of Chiasmus}},
year = {2016}
}
