Automatically generated by Mendeley Desktop 1.17.10
Any changes to this file will be lost if it is regenerated by Mendeley.

BibTeX export options can be customized via Options -> BibTeX in Mendeley Desktop

@article{bernard2009,
abstract = {D'apr{\`{e}}s les Journ{\'{e}}es d'{\'{e}}tude « Le style et sa mod{\'{e}}lisation », 10 {\&} 11 d{\'{e}}cembre 2009},
author = {Bernard, Michel},
file = {:home/marie/.local/share/data/Mendeley Ltd./Mendeley Desktop/Downloaded/Garric, Maurel-Indart - 2009 - Vers une automatisation de l'analyse textuelle.pdf:pdf},
journal = {texto!},
number = {4},
pages = {33--36},
title = {{Sp{\'{e}}cificit{\'{e}}s lexicales d'un sous-corpus : quel(s) corpus de r{\'{e}}f{\'{e}}rence ?}},
url = {http://www.revue-texto.net/index.php?id=2765},
volume = {XV},
year = {2009}
}
@book{horvei1985,
author = {Horvei, Harald},
isbn = {9788299080224},
publisher = {The Author},
title = {{The Changing Fortunes of a Rhetorical Term: The History of the Chiasmus}},
url = {http://books.google.se/books?id=tDUpAAAACAAJ},
year = {1985}
}
@inproceedings{niculae2013,
address = {Sofia, Bulgaria},
author = {Niculae, Vlad and Yaneva, Victoria},
booktitle = {51st Annual Meeting of the Association for Computational Linguistics Proceedings of the Student Research Workshop},
file = {:home/marie/.local/share/data/Mendeley Ltd./Mendeley Desktop/Downloaded/Niculae, Yaneva - 2013 - Computational considerations of comparisons and similes.pdf:pdf},
month = {aug},
pages = {89--95},
publisher = {Association for Computational Linguistics},
title = {{Computational considerations of comparisons and similes}},
url = {http://www.aclweb.org/anthology/P13-3013},
year = {2013}
}
@inproceedings{hammond2013,
address = {Atlanta, Georgia},
author = {Hammond, Adam and Brooke, Julian and Hirst, Graeme},
booktitle = {Proceedings of the Workshop on Computational Linguistics for Literature},
file = {:home/marie/.local/share/data/Mendeley Ltd./Mendeley Desktop/Downloaded/Hammond, Brooke, Hirst - 2013 - A Tale of Two Cultures Bringing Literary Analysis and Computational Linguistics Together.pdf:pdf},
pages = {1--8},
publisher = {Association for Computational Linguistics},
title = {{A Tale of Two Cultures: Bringing Literary Analysis and Computational Linguistics Together}},
url = {http://www.aclweb.org/anthology/W13-1401},
year = {2013}
}
@article{Rastier2009,
abstract = {D'apr{\`{e}}s les Journ{\'{e}}es d'{\'{e}}tude « Le style et sa mod{\'{e}}lisation », 10 {\&} 11 d{\'{e}}cembre 2009},
author = {Rastier, Fran{\c{c}}ois},
file = {:home/marie/.local/share/data/Mendeley Ltd./Mendeley Desktop/Downloaded/Garric, Maurel-Indart - 2009 - Vers une automatisation de l'analyse textuelle.pdf:pdf},
journal = {texto!},
number = {4},
pages = {62--70},
title = {{Stylistique et textom{\'{e}}trie Sept questions de principe et d'opportunit{\'{e}}}},
url = {http://www.revue-texto.net/index.php?id=2765},
volume = {XV},
year = {2009}
}
@inproceedings{ozbal2013,
address = {Sofia, Bulgaria},
author = {{\"{O}}zbal, G{\"{o}}zde and Pighin, Daniele and Strapparava, Carlo},
booktitle = {Proceedings of the 51st Annual Meeting of the Association for Computational Linguistics (Volume 1: Long Papers)},
file = {:home/marie/.local/share/data/Mendeley Ltd./Mendeley Desktop/Downloaded/{\"{O}}zbal, Pighin, Strapparava - 2013 - BRAINSUP Brainstorming Support for Creative Sentence Generation.pdf:pdf},
month = {aug},
pages = {1446--1455},
publisher = {Association for Computational Linguistics},
title = {{BRAINSUP: Brainstorming Support for Creative Sentence Generation}},
url = {http://www.aclweb.org/anthology/P13-1142},
year = {2013}
}
@inproceedings{danlos2011,
abstract = {This paper introduces EasyText, a fully operational NLG System. This application processes numerical data (in tables) in order to generate specific analytical comments of these tables. We start by describing the context of this particular NLG application (communicative goal, user profiles, etc.). We then shortly present the theoretical background which underlies EasyText, before describing its implementation and realization.},
address = {Nancy, France},
author = {Danlos, Laurence and Meunier, Fr{\'{e}}d{\'{e}}ric and Combet, Vanessa},
booktitle = {ENLG 2011 - 13th European Workshop on Natural Language Generation},
file = {:home/marie/.local/share/data/Mendeley Ltd./Mendeley Desktop/Downloaded/Danlos, Meunier, Combet - 2011 - EasyText an Operational NLG System.pdf:pdf},
month = {sep},
title = {{EasyText: an Operational NLG System}},
url = {http://hal.inria.fr/inria-00614760},
year = {2011}
}
@inproceedings{DiMarcoHealth2006,
author = {{Di Marco}, Chrysanne and Bray, Peter and Covvey, H Dominic and Cowan, Donald D and {Di Ciccio}, Vic and Hovy, Eduard and Lipa, Joan and Yang, Cathy},
booktitle = {AMIA Annual Symposium Proceedings},
organization = {American Medical Informatics Association},
pages = {195},
title = {{Authoring and generation of individualized patient education materials}},
volume = {2006},
year = {2006}
}
@book{ullman1971patterns,
author = {Ullman, Stephen},
booktitle = {Patterns of literary style},
editor = {Strelka, Joseph},
publisher = {Pennsylvania State University Park},
title = {{Two approaches to style}},
volume = {3},
year = {1971}
}
@book{milic1967quantitative,
author = {Milic, Louis Tonko},
publisher = {Mouton The Hague},
title = {{A quantitative approach to the style of Jonathan Swift}},
volume = {23},
year = {1967}
}
@techreport{Hoyt93agoal-directed,
author = {Hoyt, Pat},
file = {:home/marie/.local/share/data/Mendeley Ltd./Mendeley Desktop/Downloaded/Hoyt - 1993 - A goal-directed functionally-based stylistic analyzer.pdf:pdf},
institution = {University of Waterloo. Dept. of Computer Science},
title = {{A goal-directed functionally-based stylistic analyzer}},
year = {1993}
}
@inproceedings{petrovic-matthews2013,
address = {Sofia, Bulgaria},
author = {Petrovi{\'{c}}, Sa{\v{s}}a and Matthews, David},
booktitle = {Proceedings of the 51st Annual Meeting of the Association for Computational Linguistics (Volume 2: Short Papers)},
file = {:home/marie/.local/share/data/Mendeley Ltd./Mendeley Desktop/Downloaded/Petrovi{\'{c}}, Matthews - 2013 - Unsupervised joke generation from big data.pdf:pdf},
month = {aug},
pages = {228--232},
publisher = {Association for Computational Linguistics},
title = {{Unsupervised joke generation from big data}},
url = {http://www.aclweb.org/anthology/P13-2041},
year = {2013}
}
@inproceedings{chiu2007,
address = {Prague, Czech Republic},
author = {Chiu, Andy and Poupart, Pascal and DiMarco, Chrysanne},
booktitle = {Proceedings of the 2007 Joint Conference on Empirical Methods in Natural Language Processing and Computational Natural Language Learning (EMNLP-CoNLL)},
file = {:home/marie/.local/share/data/Mendeley Ltd./Mendeley Desktop/Downloaded/Chiu, Poupart, DiMarco - 2007 - Generating Lexical Analogies Using Dependency Relations.pdf:pdf},
month = {jun},
pages = {561--570},
publisher = {Association for Computational Linguistics},
title = {{Generating Lexical Analogies Using Dependency Relations}},
url = {http://www.aclweb.org/anthology/D/D07/D07-1059},
year = {2007}
}
@inproceedings{harris2009,
address = {Edinburgh, Scotland},
author = {Harris, Randy and DiMarco, Chrysanne},
booktitle = {Persuasive Technology and Digital Behaviour Intervention Symposium},
file = {:home/marie/.local/share/data/Mendeley Ltd./Mendeley Desktop/Downloaded/Harris, DiMarco - 2009 - Constructing a Rhetorical Figuration Ontology.pdf:pdf},
pages = {47--52},
title = {{Constructing a Rhetorical Figuration Ontology}},
url = {http://www.aisb.org.uk/convention/aisb09/Proceedings/PERSUASIVE/FILES/DiMarcoC.pdf},
year = {2009}
}
@inproceedings{Kruijff2008,
address = {Stroudsburg, PA, USA},
author = {Kruijff-Korbayov{\'{a}}, Ivana and Kukina, Ciprian Gerstenberger Olga and Schehl, Jan},
booktitle = {Proceedings of the Fifth International Natural Language Generation Conference},
pages = {129--137},
publisher = {Association for Computational Linguistics},
series = {INLG '08},
title = {{Generation of output style variation in the SAMMIE dialogue system}},
url = {http://dl.acm.org/citation.cfm?id=1708322.1708347},
year = {2008}
}
@article{Pincemin2009,
abstract = {D'apr{\`{e}}s les Journ{\'{e}}es d'{\'{e}}tude « Le style et sa mod{\'{e}}lisation », 10 {\&} 11 d{\'{e}}cembre 2009},
author = {Pincemin, B{\'{e}}n{\'{e}}dicte},
file = {:home/marie/.local/share/data/Mendeley Ltd./Mendeley Desktop/Downloaded/Garric, Maurel-Indart - 2009 - Vers une automatisation de l'analyse textuelle.pdf:pdf},
journal = {texto!},
number = {4},
pages = {54--61},
title = {{Analyse diff{\'{e}}rentielle {\`{a}} base de marqueurs et textometrie}},
url = {http://www.revue-texto.net/index.php?id=2765},
volume = {XV},
year = {2009}
}
@inproceedings{Yakubovich2013,
annote = {Attention texte not published et pas de bibtex correct

      },
author = {Yakubovich, Yauheniya},
booktitle = {Journ{\'{e}}e des jeunes chercheurs du R{\'{e}}seau Lexicologie, terminologie, traduction},
file = {:home/marie/.local/share/data/Mendeley Ltd./Mendeley Desktop/Downloaded/Yakubovich - 2013 - D{\'{e}}figement dans les textes po{\'{e}}tiques. Typologies et exemples en fran{\c{c}}ais, espagnol, catalan, polonais, russe et.pdf:pdf},
pages = {1--17},
publisher = {Institut sup{\'{e}}rieur de traducteurs et interpr{\`{e}}tes Haute {\'{E}}cole de Bruxelles},
title = {{D{\'{e}}figement dans les textes po{\'{e}}tiques. Typologies et exemples en fran{\c{c}}ais, espagnol, catalan, polonais, russe et b{\'{e}}larusse}},
year = {2013}
}
@book{labbe2010si,
author = {Labb{\'{e}}, Dominique},
isbn = {9782315002689},
publisher = {MAX MILO},
title = {{Si deux et deux sont quatre, Moli{\`{e}}re n'a pas ecrit Don Juan}},
url = {http://books.google.se/books?id=emjGzJzOVz0C},
year = {2010}
}
@inproceedings{Kao2012,
address = {Montr{\'{e}}al, Canada},
annote = {bib de ACLWEB},
author = {Kao, Justine and Jurafsky, Dan},
booktitle = {Proceedings of the NAACL-HLT 2012 Workshop on Computational Linguistics for Literature},
file = {:home/marie/.local/share/data/Mendeley Ltd./Mendeley Desktop/Downloaded/Kao, Jurafsky - 2012 - A Computational Analysis of Style, Affect, and Imagery in Contemporary Poetry.pdf:pdf},
month = {jun},
pages = {8--17},
publisher = {Association for Computational Linguistics},
title = {{A Computational Analysis of Style, Affect, and Imagery in Contemporary Poetry}},
url = {http://www.aclweb.org/anthology/W12-2502},
year = {2012}
}
@article{Garric2009,
abstract = {D'apr{\`{e}}s les Journ{\'{e}}es d'{\'{e}}tude « Le style et sa mod{\'{e}}lisation », 10 {\&} 11 d{\'{e}}cembre 2009},
author = {Garric, Nathalie and Maurel-Indart, H{\'{e}}l{\`{e}}ne},
file = {:home/marie/.local/share/data/Mendeley Ltd./Mendeley Desktop/Downloaded/Garric, Maurel-Indart - 2009 - Vers une automatisation de l'analyse textuelle.pdf:pdf},
journal = {texto!},
number = {4},
pages = {1--79},
title = {{Vers une automatisation de l'analyse textuelle}},
url = {http://www.revue-texto.net/index.php?id=2765},
volume = {XV},
year = {2009}
}
@book{Okasha2002,
author = {Okasha, Samir},
edition = {1st},
howpublished = {Paperback},
isbn = {0192802836},
month = {jul},
publisher = {Oxford University Press},
title = {{Philosophy of science: a very short introduction}},
url = {http://www.amazon.com/exec/obidos/redirect?tag=citeulike07-20{\&}path=ASIN/0192802836},
year = {2002}
}
@article{Brunet2009,
abstract = {D'apr{\`{e}}s les Journ{\'{e}}es d'{\'{e}}tude « Le style et sa mod{\'{e}}lisation », 10 {\&} 11 d{\'{e}}cembre 2009},
author = {Brunet, Etienne},
file = {:home/marie/.local/share/data/Mendeley Ltd./Mendeley Desktop/Downloaded/Garric, Maurel-Indart - 2009 - Vers une automatisation de l'analyse textuelle.pdf:pdf},
journal = {texto!},
number = {4},
pages = {37--47},
title = {{Tous des copiateurs}},
url = {http://www.revue-texto.net/index.php?id=2765},
volume = {XV},
year = {2009}
}
@inproceedings{Kiddon2011,
author = {Kiddon, Chloe and Brun, Yuriy},
booktitle = {ACL (Short Papers)},
pages = {89--94},
title = {{That's What She Said: Double Entendre Identification}},
year = {2011}
}
@inproceedings{nalisnick-baird:2013:Short,
address = {Sofia, Bulgaria},
author = {Nalisnick, Eric T and Baird, Henry S},
booktitle = {Proceedings of the 51st Annual Meeting of the Association for Computational Linguistics (Volume 2: Short Papers)},
month = {aug},
pages = {479--483},
publisher = {Association for Computational Linguistics},
title = {{Character-to-Character Sentiment Analysis in Shakespeare's Plays}},
url = {http://www.aclweb.org/anthology/P13-2085},
year = {2013}
}
@inproceedings{Danescu-Niculescu-Mizil+al:12b,
annote = {http://www.mpi-sws.org/{\~{}}cristian/memorability.html bibtex del{\&}{\#}039;auteur lui m{\^{e}}me

      },
author = {Danescu-Niculescu-Mizil, Cristian and Cheng, Justin and Kleinberg, Jon and Lee, Lillian},
booktitle = {Proceedings of ACL},
file = {:media/Verbatim/Mesdocuments/Uppsala/Download/20130708{\_}Danescu{\_}memorabilty{\_}2012.pdf:pdf},
pages = {892--901},
title = {{You had me at hello: How phrasing affects memorability}},
year = {2012}
}
@phdthesis{gawr,
author = {Gawryjolek, Jakub J.},
file = {:home/marie/.local/share/data/Mendeley Ltd./Mendeley Desktop/Downloaded/Gawryjolek - 2009 - Automated Annotation and Visualization of Rhetorical Figures.pdf:pdf},
howpublished = {M{\'{e}}moire de Master},
school = {Universty of Waterloo},
title = {{Automated Annotation and Visualization of Rhetorical Figures}},
type = {Master thesis},
year = {2009}
}
@book{Arthos,
address = {Princeton, N.J.},
annote = {Published in 1965 under title: Encyclopedia of poetry and poetics.},
author = {Arthos, John},
booktitle = {Princeton encyclopedia of poetry and poetics},
edition = {Enl. ed.},
editor = {Hardison, O B},
pages = {xxiv, 992 p. ;},
publisher = {Princeton University Press},
title = {{Figure of speech}},
year = {1974}
}
@inproceedings{Bendersky2012,
address = {Montr{\'{e}}al, Canada},
annote = {bibtex from ACL},
author = {Bendersky, Michael and Smith, David},
booktitle = {Proceedings of the NAACL-HLT 2012 Workshop on Computational Linguistics for Literature},
file = {:home/marie/.local/share/data/Mendeley Ltd./Mendeley Desktop/Downloaded/Bendersky, Smith - 2012 - A Dictionary of Wisdom and Wit Learning to Extract Quotable Phrases(2).pdf:pdf},
pages = {69--77},
publisher = {Association for Computational Linguistics},
title = {{A Dictionary of Wisdom and Wit: Learning to Extract Quotable Phrases}},
url = {http://www.aclweb.org/anthology/W12-2510},
year = {2012}
}
@phdthesis{Strommer2011,
author = {Strommer, Claus Walter},
file = {:home/marie/.local/share/data/Mendeley Ltd./Mendeley Desktop/Downloaded/Strommer - 2011 - Using Rhetorical Figures and Shallow Attributes as a Metric of Intent in Text.pdf:pdf},
school = {University of Waterloo},
title = {{Using Rhetorical Figures and Shallow Attributes as a Metric of Intent in Text}},
url = {http://hdl.handle.net/10012/5972 https://libdspace.uwaterloo.ca/handle/10012/5972},
year = {2011}
}
@article{Marchand2009,
abstract = {D'apr{\`{e}}s les Journ{\'{e}}es d'{\'{e}}tude « Le style et sa mod{\'{e}}lisation », 10 {\&} 11 d{\'{e}}cembre 2009},
author = {Marchand, Pascal},
file = {:home/marie/.local/share/data/Mendeley Ltd./Mendeley Desktop/Downloaded/Garric, Maurel-Indart - 2009 - Vers une automatisation de l'analyse textuelle.pdf:pdf},
journal = {texto!},
number = {4},
pages = {48--53},
title = {{Genre, style et attitude {\`{a}} l'{\'{e}}gard du langage : tentative de diagnostic automatique sur un corpus politique}},
url = {http://www.revue-texto.net/index.php?id=2765},
volume = {XV},
year = {2009}
}
@inproceedings{FosterSmith80,
address = {Stroudsburg, PA, USA},
author = {Smith, M Cassandra Foster},
booktitle = {Proceedings of the 8th conference on Computational linguistics},
doi = {10.3115/990174.990202},
file = {:home/marie/.local/share/data/Mendeley Ltd./Mendeley Desktop/Downloaded/Smith - 1980 - Efficiency Tools In The Speeches Of Martin Luther King, Jr.pdf:pdf},
pages = {167--173},
publisher = {Association for Computational Linguistics},
series = {COLING '80},
title = {{Efficiency tools in the speeches of Martin Luther King, Jr.}},
url = {http://dx.doi.org/10.3115/990174.990202},
year = {1980}
}
@article{balpe1995pour,
author = {Balpe, Jean-Pierre},
journal = {Litt{\'{e}}rature et Informatique. La litt{\'{e}}rature g{\'{e}}n{\'{e}}r{\'{e}}e par ordinateur},
publisher = {Arras, Universit{\{}{\'{e}}{\}} d'Artois},
title = {{Pour une litt{\'{e}}rature informatique: un manifeste..}},
year = {1995}
}
@book{morton1978literary,
author = {Morton, Andrew Queen},
isbn = {9780859350624},
publisher = {Bowker},
title = {{Literary detection: how to prove authorship and fraud in literature and documents}},
url = {http://books.google.se/books?id=Ni4HAQAAIAAJ},
year = {1978}
}
@inproceedings{quiniou:hal-00675586,
abstract = {Dans cet article, nous pr{\{}{\'{e}}{\}}sentons une {\{}{\'{e}}{\}}tude sur l'utilisation de m{\{}{\'{e}}{\}}thodes de fouille de donn{\{}{\'{e}}{\}}es pour l'analyse stylistique - d'un point de vue linguistique - en consid{\{}{\'{e}}{\}}rant des motifs s{\{}{\'{e}}{\}}quentiels {\{}{\'{e}}{\}}mergents. Nous montrons tout d'abord que la fouille de motifs s{\{}{\'{e}}{\}}quentiels de mots en utilisant la contrainte gap permet d'obtenir de nouveaux patrons linguistiques pertinents par rapport aux patrons construits {\{}{\`{a}}{\}} partir de n-grammes. Nous {\{}{\'{e}}{\}}tudions ensuite l'utilisation de motifs s{\{}{\'{e}}{\}}quentiels d'itemsets pour produire des patrons linguistiques plus g{\{}{\'{e}}{\}}n{\{}{\'{e}}{\}}raux. Nous validons notre approche d'un point de vue quantitatif et d'un point de vue linguistique, en r{\{}{\'{e}}{\}}alisant des exp{\{}{\'{e}}{\}}rimentations sur trois corpus fran{\{}{\c{c}}{\}}ais correspondant {\{}{\`{a}}{\}} diff{\{}{\'{e}}{\}}rents genres de texte (la po{\{}{\'{e}}{\}}sie, les correspondances et les romans, respectivement). En consid{\{}{\'{e}}{\}}rant plus particuli{\{}{\`{e}}{\}}rement les textes po{\{}{\'{e}}{\}}tiques, nous montrons que les techniques de fouille de donn{\{}{\'{e}}{\}}es employ{\{}{\'{e}}{\}}es permettent d'identifier des patrons linguistiques caract{\{}{\'{e}}{\}}ristiques.},
address = {Li{\`{e}}ge, Belgique},
author = {Quiniou, Solen and Cellier, Peggy and Charnois, Thierry and Legallois, Dominique},
booktitle = {Actes des Journ{\'{e}}es Internationales d'Analyse Statistique des Donn{\'{e}}es Textuelles},
keywords = {fouille de donn{\'{e}}es,motifs s{\{}{\'{e}}{\}}qu,stylistique},
pages = {821--833},
title = {{Fouille de donn{\'{e}}es pour la stylistique : cas des motifs s{\'{e}}quentiels {\'{e}}mergents}},
url = {http://hal.archives-ouvertes.fr/hal-00675586},
year = {2012}
}
@article{calas2009,
abstract = {D'apr{\`{e}}s les Journ{\'{e}}es d'{\'{e}}tude « Le style et sa mod{\'{e}}lisation », 10 {\&} 11 d{\'{e}}cembre 2009},
author = {Calas, Fr{\'{e}}d{\'{e}}ric},
file = {:home/marie/.local/share/data/Mendeley Ltd./Mendeley Desktop/Downloaded/Garric, Maurel-Indart - 2009 - Vers une automatisation de l'analyse textuelle.pdf:pdf},
journal = {texto!},
number = {4},
pages = {14--32},
title = {{Le style et sa mod{\'{e}}lisation : {\'{e}}laboration d'un r{\'{e}}f{\'{e}}rentiel texte}},
url = {http://www.revue-texto.net/index.php?id=2765},
volume = {XV},
year = {2009}
}
@article{Reiter2003,
author = {Reiter, Ehud and Robertson, Roma and Osman, Liesl M},
journal = {Artificial Intelligence},
keywords = {nlg},
number = {1-2},
pages = {41--58},
publisher = {Elsevier},
title = {{Lessons from a failure: Generating tailored smoking cessation letters}},
volume = {144},
year = {2003}
}
@article{milic1982,
annote = {Bibtex par Springer

      },
author = {Milic, Louis Tonko},
file = {:home/marie/.local/share/data/Mendeley Ltd./Mendeley Desktop/Downloaded/Milic - 1982 - The Annals of Computing Stylistics.pdf:pdf},
issn = {00104817},
journal = {Computers and the Humanities},
number = {1},
pages = {19--24},
publisher = {Springer},
title = {{The Annals of Computing: Stylistics}},
url = {http://www.jstor.org/stable/30204721},
volume = {16},
year = {1982}
}
@book{Woodson1979,
author = {Woodson, Linda},
publisher = {Distributed by ERIC Clearinghouse [Washington, D.C.]},
title = {{A Handbook of Modern Rhetorical Terms}},
type = {Book, Microform, Online},
url = {http://www.eric.ed.gov/contentdelivery/servlet/ERICServlet?accno=ED173864},
year = {1979}
}
