Automatically generated by Mendeley Desktop 1.16.1
Any changes to this file will be lost if it is regenerated by Mendeley.

BibTeX export options can be customized via Options -> BibTeX in Mendeley Desktop

@book{morier,
author = {Morier, Henri},
publisher = {Presses Universitaires de France},
title = {{Dictionnaire de po{\'{e}}tique et de rh{\'{e}}torique}},
year = {1961}
}
@book{Diderot1789,
author = {Diderot, Denis and D'Alembert, Jean le Rond},
howpublished = {http://books.google.fr/books?id=NchCAAAAYAAJ{\&}lpg=PA198{\&}ots=UEkdoAOE-g{\&}dq=antimetabole{\%}20diderot{\&}pg=PA198{\#}v=onepage{\&}q=antimetabole{\%}20diderot{\&}f=false , consult{\'{e}} le 08/04/2013},
pages = {197--199},
publisher = {Panckoucke},
title = {{Encyclop{\'{e}}die m{\'{e}}thodique: ou par ordre de mati{\`{e}}res, volume 66}},
url = {http://books.google.fr/books?id=NchCAAAAYAAJ{\&}pg=PA198{\&}lpg=PA198{\&}dq=antimetabole+diderot{\&}source=bl{\&}ots=UEkdoAOE-g{\&}sig=R4mY2pV1ml-L3Gm0-EJsfsNykGQ{\&}hl=en{\&}sa=X{\&}ei=XX4qUO3CAoW2hAek34DYCw{\&}ved=0CDEQ6AEwAA{\#}v=onepage{\&}q=antimetabole diderot{\&}f=false},
year = {1782}
}
@article{Mann1988,
abstract = {Rhethorical Structure Theory is a descriptive theory of a major aspect of the organization of natural text. It is a linguistically useful method for describing natural texts, characterizing their structure primarily in terms of relations that hold between parts of the text. This paper establishes a new definitional foundation for RST. The paper also examines three claims of RST: the predominance of nucleus/satellite structural patterns, the functional basis of hierarchy, and the communicative role of text structure.},
author = {Mann, William C. and Thompson, Sandra A.},
doi = {10.1515/text.1.1988.8.3.243},
editor = {Polanyi, L},
issn = {01654888},
journal = {Text},
number = {3},
pages = {243--281},
publisher = {Walter de Gruyter, Berlin/New York Berlin, New York},
title = {{Rhetorical structure theory: Toward a functional theory of text organization}},
url = {http://www.reference-global.com/doi/abs/10.1515/text.1.1988.8.3.243},
volume = {8},
year = {1988}
}
@inproceedings{hromada,
address = {Hissar, Bulgaria},
author = {Hromada, Daniel Devatman},
booktitle = {Proceedings of the Second Student Research Workshop associated with RANLP 2011},
file = {:home/marie/.local/share/data/Mendeley Ltd./Mendeley Desktop/Downloaded/Hromada - 2011 - Initial Experiments with Multilingual Extraction of Rhetoric Figures by means of PERL-compatible Regular Expressions.pdf:pdf},
pages = {85--90},
title = {{Initial Experiments with Multilingual Extraction of Rhetoric Figures by means of PERL-compatible Regular Expressions}},
url = {http://aclweb.org/anthology/R11-2013},
year = {2011}
}
@article{Nordahl1971,
annote = {ISSN: 1600-0811},
archivePrefix = {arXiv},
arxivId = {ISSN: 1600-0811},
author = {Nordahl, Helge},
eprint = {ISSN: 1600-0811},
file = {:home/marie/.local/share/data/Mendeley Ltd./Mendeley Desktop/Downloaded/Nordahl - 1971 - Variantes chiasmiques. Essai de description formelle.pdf:pdf},
journal = {Revue Romane},
pages = {219--232},
title = {{Variantes chiasmiques. Essai de description formelle}},
url = {http://e-tidsskrifter.dk/ojs/index.php/revue{\_}romane/article/view/11212/21266},
volume = {6},
year = {1971}
}
@inproceedings{dubremetz2013,
address = {Les Sables d'Olonne, France},
author = {Dubremetz, Marie},
booktitle = {Actes de la 15e Rencontres des {\'{E}}tudiants Chercheurs en Informatique pour le Traitement Automatique des Langues (RECITAL'2013)},
file = {:home/marie/.local/share/data/Mendeley Ltd./Mendeley Desktop/Downloaded/Dubremetz - 2013 - Vers une identification automatique du chiasme de mots.pdf:pdf},
pages = {150--163},
title = {{Vers une identification automatique du chiasme de mots}},
year = {2013}
}
@book{Greene2012,
editor = {Greene, Roland and Cushman, Stephen and Cavanagh, Clare and Ramazani, Jahan and Rouzer, Paul},
isbn = {9780691154916},
publisher = {Princeton University Press},
title = {{The Princeton Encyclopedia of Poetry and Poetics: Fourth Edition}},
url = {http://books.google.fr/books?id=uKiC6IeFR2UC http://books.google.fr/books?id=uKiC6IeFR2UC{\&}pg=PA58{\&}lpg=PA58{\&}dq=garcia+page+antimetabole{\&}source=bl{\&}ots=auS7vdihxk{\&}sig=DBQXw6lHoeTDLo9dzX0jmaeofhk{\&}hl=en{\&}sa=X{\&}ei=YkXkULatBcWXhQfO04DoCg{\&}ved=0CCsQ6AEwAA{\#}v=onepage{\&}},
year = {2012}
}
@article{rabatel,
author = {Rabatel, Alain},
doi = {10.3917/lf.160.0021},
file = {:home/marie/.local/share/data/Mendeley Ltd./Mendeley Desktop/Downloaded/Rabatel, Colin - 2008 - Points de vue en confrontation dans les antim{\'{e}}taboles PLUS et MOINS.pdf:pdf},
journal = {Langue fran{\c{c}}aise},
number = {4},
pages = {21--36},
title = {{Points de vue en confrontation dans les antim{\'{e}}taboles PLUS et MOINS}},
url = {http://www.cairn.info/load{\_}pdf.php?ID{\_}ARTICLE=LF{\_}160{\_}0021},
volume = {160},
year = {2008}
}
@article{Willett1997,
author = {Clarke, Sarah J. and Willett, Peter},
doi = {10.1108/eb051463},
file = {:home/marie/.local/share/data/Mendeley Ltd./Mendeley Desktop/Downloaded/Clarke, Willett - 1997 - Estimating the recall performance of Web search engines.pdf:pdf},
issn = {0001-253X},
journal = {Proceedings of Aslib},
number = {7},
pages = {184--189},
title = {{Estimating the recall performance of Web search engines}},
url = {http://www.emeraldinsight.com/10.1108/eb051463},
volume = {49},
year = {1997}
}
@article{bernard2009,
abstract = {D'apr{\`{e}}s les Journ{\'{e}}es d'{\'{e}}tude « Le style et sa mod{\'{e}}lisation », 10 {\&} 11 d{\'{e}}cembre 2009},
author = {Bernard, Michel},
file = {:home/marie/.local/share/data/Mendeley Ltd./Mendeley Desktop/Downloaded/Garric, Maurel-Indart - 2009 - Vers une automatisation de l'analyse textuelle.pdf:pdf},
journal = {texto!},
number = {4},
pages = {33--36},
title = {{Sp{\'{e}}cificit{\'{e}}s lexicales d'un sous-corpus : quel(s) corpus de r{\'{e}}f{\'{e}}rence ?}},
url = {http://www.revue-texto.net/index.php?id=2765},
volume = {XV},
year = {2009}
}
@article{garcia,
annote = {ISSN : 0570-7218},
author = {Garc{\'{i}}a-Page, Mario},
file = {:home/marie/.local/share/data/Mendeley Ltd./Mendeley Desktop/Downloaded/GARC{\'{I}}A-PAGE - Unknown - El retru{\'{e}}cano l{\'{e}}xico y sus l{\'{i}}mites.pdf:pdf},
journal = {Archivum: Revista de la Facultad de Filolog{\'{i}}a de Oviedo},
pages = {173--203},
title = {{El ``retru{\'{e}}cano l{\'{e}}xico" y sus l{\'{i}}mites}},
volume = {41-42},
year = {1991}
}
@inproceedings{Bendersky2012,
address = {Montr{\'{e}}al, Canada},
annote = {bibtex from ACL},
author = {Bendersky, Michael and Smith, David},
booktitle = {Proceedings of the NAACL-HLT 2012 Workshop on Computational Linguistics for Literature},
file = {:home/marie/.local/share/data/Mendeley Ltd./Mendeley Desktop/Downloaded/Bendersky, Smith - 2012 - A Dictionary of Wisdom and Wit Learning to Extract Quotable Phrases(2).pdf:pdf},
month = {jun},
pages = {69--77},
publisher = {Association for Computational Linguistics},
title = {{A Dictionary of Wisdom and Wit: Learning to Extract Quotable Phrases}},
url = {http://www.aclweb.org/anthology/W12-2510},
year = {2012}
}
@inproceedings{harris2009,
address = {Edinburgh, Scotland},
author = {Harris, Randy and DiMarco, Chrysanne},
booktitle = {Persuasive Technology and Digital Behaviour Intervention Symposium},
file = {:home/marie/.local/share/data/Mendeley Ltd./Mendeley Desktop/Downloaded/Harris, DiMarco - 2009 - Constructing a Rhetorical Figuration Ontology.pdf:pdf},
pages = {47--52},
title = {{Constructing a Rhetorical Figuration Ontology}},
url = {http://www.aisb.org.uk/convention/aisb09/Proceedings/PERSUASIVE/FILES/DiMarcoC.pdf},
year = {2009}
}
@book{horvei1985changing,
author = {Horvei, Harald},
isbn = {9788299080224},
publisher = {The Author},
title = {{The Changing Fortunes of a Rhetorical Term: The History of the Chiasmus}},
url = {http://books.google.se/books?id=tDUpAAAACAAJ},
year = {1985}
}
@book{font,
annote = {1993? 1977? 1968?},
author = {Fontanier, Pierre},
edition = {1977},
publisher = {Flammarion},
title = {{Les Figures du discours}},
url = {http://catalogue.bibliotheque.bm-lille.fr/alswww1.dll/APS{\_}ZONES?fn=ViewNotice{\&}q=503519},
year = {1827}
}
@inproceedings{Schmid,
address = {Manchester, Great Britain},
annote = {$\backslash$url{\{}http://www.ims.uni-stuttgart.de/projekte/corplex/TreeTagger/DecisionTreeTagger.html{\}}
$\backslash$url{\{}http://www.ims.uni-stuttgart.de/projekte/corplex/TreeTagger/{\}}
http://www.ims.uni-stuttgart.de/projekte/corplex/TreeTagger/DecisionTreeTagger.html},
author = {Schmid, Helmut},
booktitle = {Proceedings of International Conference on New Methods in Language Processing},
pages = {44--49},
title = {{Probabilistic Part-of-Speech Tagging Using Decision Trees}},
year = {1994}
}
@inproceedings{hammond2013,
address = {Atlanta, Georgia},
author = {Hammond, Adam and Brooke, Julian and Hirst, Graeme},
booktitle = {Proceedings of the Workshop on Computational Linguistics for Literature},
file = {:home/marie/.local/share/data/Mendeley Ltd./Mendeley Desktop/Downloaded/Hammond, Brooke, Hirst - 2013 - A Tale of Two Cultures Bringing Literary Analysis and Computational Linguistics Together.pdf:pdf},
month = {jun},
pages = {1--8},
publisher = {Association for Computational Linguistics},
title = {{A Tale of Two Cultures: Bringing Literary Analysis and Computational Linguistics Together}},
url = {http://www.aclweb.org/anthology/W13-1401},
year = {2013}
}
@book{croft2010,
abstract = {No Abstract.},
author = {Croft, Bruce and Metzler, Donald and Strohman, Trevor},
booktitle = {The Computer Journal},
isbn = {9780136072249},
issn = {0010-4620},
number = {5},
pages = {831--832},
pmid = {2009002640},
publisher = {Pearson Education},
title = {{Search Engines: Information Retrieval in Practice: International Edition}},
volume = {54},
year = {2010}
}
@phdthesis{gawr,
author = {Gawryjolek, Jakub J.},
file = {:home/marie/.local/share/data/Mendeley Ltd./Mendeley Desktop/Downloaded/Gawryjolek - 2009 - Automated Annotation and Visualization of Rhetorical Figures.pdf:pdf},
howpublished = {M{\'{e}}moire de Master},
school = {Universty of Waterloo},
title = {{Automated Annotation and Visualization of Rhetorical Figures}},
type = {Master thesis},
year = {2009}
}
@article{Chowdhury1999,
author = {Chowdhury, Gobinda},
doi = {10.1108/EUM0000000007144},
file = {:home/marie/.local/share/data/Mendeley Ltd./Mendeley Desktop/Downloaded/Chowdhury - 1999 - The internet and information retrieval research a brief review.pdf:pdf},
issn = {0022-0418},
journal = {Journal of Documentation},
number = {2},
pages = {209--225},
title = {{The internet and information retrieval research: a brief review}},
url = {http://www.emeraldinsight.com/10.1108/EUM0000000007144},
volume = {55},
year = {1999}
}
