Automatically generated by Mendeley Desktop 1.16.1
Any changes to this file will be lost if it is regenerated by Mendeley.

BibTeX export options can be customized via Options -> BibTeX in Mendeley Desktop

@article{Chowdhury1999,
author = {Chowdhury, Gobinda},
doi = {10.1108/EUM0000000007144},
file = {:home/marie/.local/share/data/Mendeley Ltd./Mendeley Desktop/Downloaded/Chowdhury - 1999 - The internet and information retrieval research a brief review.pdf:pdf},
issn = {0022-0418},
journal = {Journal of Documentation},
number = {2},
pages = {209--225},
title = {{The internet and information retrieval research: a brief review}},
url = {http://www.emeraldinsight.com/10.1108/EUM0000000007144},
volume = {55},
year = {1999}
}
@book{crof2010,
title = {{No Title}}
}
@book{silberztein93,
address = {Paris},
annote = {ISBN 2--225--84157--8},
author = {Silberztein, Max},
keywords = {imported},
pages = {234},
publisher = {Masson},
series = {Informatique Linguistique},
title = {{Dictionnaires {\'{E}}lectroniques et Analyse Automatique de Textes. Le Syst{\`{e}}me INTEX}},
year = {1993}
}
@book{Aristotle-329,
author = {Aristotle},
editor = {Library, The University of Adelaide},
publisher = {eBooks@Adelaide},
title = {{Rhetoric}},
url = {http://remacle.org/bloodwolf/philosophes/Aristote/tablerheto.htm http://ebooks.adelaide.edu.au/a/aristotle/a8rh/book1.html{\#}book1},
year = {329}
}
@misc{ACLWEB2012,
author = {ACLWEB},
title = {{Association for computational linguistics}},
url = {http://www.aclweb.org/anthology-new/},
year = {2012}
}
@article{Krishnakumaran2007,
address = {Morristown, NJ, USA},
author = {Krishnakumaran, Saisuresh and Zhu, Xiaojin},
doi = {10.3115/1611528.1611531},
file = {:home/marie/.local/share/data/Mendeley Ltd./Mendeley Desktop/Downloaded/Krishnakumaran, Zhu - 2007 - Hunting elusive metaphors using lexical resources.pdf:pdf},
journal = {Proceedings of the Workshop on Computational Approaches to Figurative Language - FigLanguages '07},
pages = {13--20},
publisher = {Association for Computational Linguistics},
title = {{Hunting elusive metaphors using lexical resources}},
url = {http://portal.acm.org/citation.cfm?doid=1611528.1611531},
year = {2007}
}
@article{Clark04,
title = {{No Title}}
}
@article{Manouchehri2003,
author = {Manouchehri, Azita and Lapp, Douglas A},
file = {:home/marie/.local/share/data/Mendeley Ltd./Mendeley Desktop/Downloaded/Council, Teacher - 2014 - National Council of Teachers of Mathematics.pdf:pdf},
issn = {00255769},
journal = {The Mathematics Teacher},
number = {8},
pages = {pp. 562--566},
publisher = {National Council of Teachers of Mathematics},
title = {{Unveiling Student Understanding: The Role of Questioning in Instruction}},
url = {http://www.jstor.org/stable/20871434},
volume = {96},
year = {2003}
}
@inproceedings{dubremetz2015,
address = {Denver, Colorado, USA},
author = {Dubremetz, Marie and Nivre, Joakim},
booktitle = {Proceedings of the Fourth Workshop on Computational Linguistics for Literature},
month = {jun},
pages = {23--31},
publisher = {Association for Computational Linguistics},
title = {{Rhetorical Figure Detection: the Case of Chiasmus}},
url = {http://www.aclweb.org/anthology/W15-0703},
year = {2015}
}
@inproceedings{hammond2013,
address = {Atlanta, Georgia},
author = {Hammond, Adam and Brooke, Julian and Hirst, Graeme},
booktitle = {Proceedings of the Workshop on Computational Linguistics for Literature},
file = {:home/marie/.local/share/data/Mendeley Ltd./Mendeley Desktop/Downloaded/Hammond, Brooke, Hirst - 2013 - A Tale of Two Cultures Bringing Literary Analysis and Computational Linguistics Together.pdf:pdf},
month = {jun},
pages = {1--8},
publisher = {Association for Computational Linguistics},
title = {{A Tale of Two Cultures: Bringing Literary Analysis and Computational Linguistics Together}},
url = {http://www.aclweb.org/anthology/W13-1401},
year = {2013}
}
@article{Pecina2010,
author = {Pecina, Pavel},
journal = {Language Resources and Evaluation},
keywords = {dblp},
number = {1-2},
pages = {137--158},
title = {{Lexical association measures and collocation extraction.}},
url = {http://dblp.uni-trier.de/db/journals/lre/lre44.html{\#}Pecina10},
volume = {44},
year = {2010}
}
@article{Kao2012,
author = {Kao, Justine and Jurafsky, Dan},
file = {:home/marie/.local/share/data/Mendeley Ltd./Mendeley Desktop/Downloaded/Kao, Jurafsky - 2012 - A Computational Analysis of Style, Affect, and Imagery in Contemporary Poetry.pdf:pdf},
journal = {NAACL-HLT 2012},
pages = {8--17},
title = {{A Computational Analysis of Style, Affect, and Imagery in Contemporary Poetry}},
url = {http://www.newdesign.aclweb.org/anthology-new/W/W12/W12-25.pdf{\#}page=18},
year = {2012}
}
@article{Brunet2009,
abstract = {D'apr{\`{e}}s les Journ{\'{e}}es d'{\'{e}}tude « Le style et sa mod{\'{e}}lisation », 10 {\&} 11 d{\'{e}}cembre 2009},
author = {Brunet, Etienne},
file = {:home/marie/.local/share/data/Mendeley Ltd./Mendeley Desktop/Downloaded/Garric, Maurel-Indart - 2009 - Vers une automatisation de l'analyse textuelle.pdf:pdf},
journal = {texto!},
number = {4},
pages = {37--47},
title = {{Tous des copiateurs}},
url = {http://www.revue-texto.net/index.php?id=2765},
volume = {XV},
year = {2009}
}
@article{rabatel,
author = {Rabatel, Alain},
doi = {10.3917/lf.160.0021},
file = {:home/marie/.local/share/data/Mendeley Ltd./Mendeley Desktop/Downloaded/Rabatel, Colin - 2008 - Points de vue en confrontation dans les antim{\'{e}}taboles PLUS et MOINS.pdf:pdf},
journal = {Langue fran{\c{c}}aise},
number = {4},
pages = {21--36},
title = {{Points de vue en confrontation dans les antim{\'{e}}taboles PLUS et MOINS}},
url = {http://www.cairn.info/load{\_}pdf.php?ID{\_}ARTICLE=LF{\_}160{\_}0021},
volume = {160},
year = {2008}
}
@article{Guegan,
author = {Gu{\'{e}}gan, Marie and Hernandez, Nicolas},
file = {:home/marie/.local/share/data/Mendeley Ltd./Mendeley Desktop/Downloaded/Gu{\'{e}}gan, Hernandez - 2006 - Recognizing Textual Parallelisms with edit distance and similarity degree.pdf:pdf},
journal = {EACL. The Association for Computational Linguistics},
pages = {281--288},
title = {{Recognizing Textual Parallelisms with edit distance and similarity degree}},
url = {http://acl.ldc.upenn.edu/eacl2006/main/papers/21{\_}2{\_}gueganhernandez.pdf},
year = {2006}
}
@article{Clark04,
title = {{No Title}}
}
@book{Okasha2002,
author = {Okasha, Samir},
edition = {1st},
howpublished = {Paperback},
isbn = {0192802836},
month = {jul},
publisher = {Oxford University Press},
title = {{Philosophy of science: a very short introduction}},
url = {http://www.amazon.com/exec/obidos/redirect?tag=citeulike07-20{\&}path=ASIN/0192802836},
year = {2002}
}
@misc{OpenOffice-community2010,
author = {OpenOffice-community},
howpublished = {Th{\'{e}}saurus en fran{\c{c}}ais disponible sur :$\backslash$linebreak$\backslash$url{\{}http://extensions.openoffice.org/en/project/french-dictionary-modern{\}} $\backslash$url{\{}http://www.dicollecte.org/download/fr/thesaurus-v2.3.zip{\}},$\backslash$linebreak consult{\'{e}}s le 08/05/2013},
title = {{Open Office dictionaries}},
url = {http://wiki.openoffice.org/wiki/Dictionaries},
year = {2011}
}
@misc{RHarris,
author = {Harris, Robert A},
title = {{No Title}},
url = {http://www.virtualsalt.com/rhetoric2.htm},
year = {2010}
}
@book{morier,
author = {Morier, Henri},
publisher = {Presses Universitaires de France},
title = {{Dictionnaire de po{\'{e}}tique et de rh{\'{e}}torique}},
year = {1961}
}
@book{VanGorp2001Slide,
author = {{Van Gorp}, Hendrik and Delabastita, Dirk},
publisher = {Honor{\'{e}} Champion},
title = {{Dictionnaire des termes litt{\'{e}}raires}},
year = {2001}
}
@book{gradus,
author = {Dupriez, Bernard},
isbn = {2-264-03709-1},
publisher = {Union G{\'{e}}n{\'{e}}rale d'{\'{E}}ditions 10/18},
title = {{Gradus, les proc{\'{e}}d{\'{e}}s litt{\'{e}}raires}},
year = {2003}
}
@inproceedings{Ramisch2010hybrid,
address = {Porto Alegre, Brazil},
author = {Ramisch, Carlos and {de Medeiros Caseli}, Helena and Villavicencio, Aline and Machado, Andr{\'{e}} and Finatto, Maria Jos{\'{e}}},
booktitle = {Proceedings of the 9th International Conference on Computational Processing of Portuguese Language (PROPOR)},
pages = {65--74},
title = {{A Hybrid Approach for Multiword Expression Identification}},
year = {2010}
}
@article{Clark04,
title = {{No Title}}
}
@inproceedings{Kiddon2011,
author = {Kiddon, Chloe and Brun, Yuriy},
booktitle = {ACL (Short Papers)},
pages = {89--94},
title = {{That's What She Said: Double Entendre Identification}},
year = {2011}
}
@inproceedings{Lemaire2008,
author = {Lemaire, Beno{\^{i}}t},
booktitle = {JADT 2008 : 9es Journ{\'{e}}es internationales d'Analyse statistique des Donn{\'{e}}es Textuelles},
file = {:home/marie/.local/share/data/Mendeley Ltd./Mendeley Desktop/Downloaded/Lemaire - 2008 - Limites de la lemmatisation pour l'extraction de significations.pdf:pdf},
pages = {725--732},
title = {{Limites de la lemmatisation pour l'extraction de significations}},
year = {2008}
}
@inproceedings{Ramisch2012,
address = {Grenoble, France},
annote = {(RECITAL{\&}{\#}039;2012)},
author = {Ramisch, Carlos},
booktitle = {Actes de la 14e Rencontres des {\'{E}}tudiants Chercheurs en Informatique pour le Traitement Automatique des Langues},
file = {:home/marie/.local/share/data/Mendeley Ltd./Mendeley Desktop/Downloaded/Ramisch - 2012 - Une plate-forme g{\'{e}}n{\'{e}}rique et ouverte pour l'acquisition des expressions polylexicales.pdf:pdf},
pages = {137--149},
title = {{Une plate-forme g{\'{e}}n{\'{e}}rique et ouverte pour l'acquisition des expressions polylexicales}},
year = {2012}
}
@inproceedings{koo2010,
address = {Stroudsburg, PA, USA},
author = {Koo, Terry and Collins, Michael},
booktitle = {Proceedings of the 48th Annual Meeting of the Association for Computational Linguistics},
pages = {1--11},
publisher = {Association for Computational Linguistics},
series = {ACL '10},
title = {{Efficient Third-order Dependency Parsers}},
url = {http://dl.acm.org/citation.cfm?id=1858681.1858682},
year = {2010}
}
@misc{Richert2011,
abstract = {L'Auteur est un moteur qui vous permet de co-{\'{e}}crire avec des auteurs, le plus souvent morts. Au fur et {\`{a}} mesure que vous {\'{e}}crivez, L'Auteur que vous aurez choisi sort de sa tombe pour vous proposer la mani{\`{e}}re dont il continuerait votre phrase.},
author = {Richert, Benoit},
title = {$\backslash$url{\{}http://www.lauteur.com/{\}}},
url = {http://www.lauteur.com/},
year = {2011}
}
@article{Borin2010,
author = {Borin, Lars and Forsberg, Markus and Kokkinakis, Dimitrios},
file = {:home/marie/.local/share/data/Mendeley Ltd./Mendeley Desktop/Downloaded/Borin, Forsberg, Kokkinakis - 2010 - Diabase Towards a diachronic BLARK in support of historical studies.pdf:pdf},
journal = {Proceedings of LREC},
pages = {35--42},
title = {{Diabase: Towards a diachronic BLARK in support of historical studies}},
url = {http://lexitron.nectec.or.th/public/LREC-2010{\_}Malta/pdf/156{\_}Paper.pdf},
year = {2010}
}
@misc{Valibel,
abstract = {Caution scientifique : le centre VALIBEL de l'UCL (Un. cath. de Louvain-la-Neuve). Professeur Michel Francard michel.francard@uclouvain.be Soutien logistique : le CENTALl (UCL, {\'{e}}galement) Professeur Cedric Fairon cedrick.fairon@uclouvain.be Projet initi{\'{e}} en 1995 {\`{a}} la r{\'{e}}daction de LMDP ( http://home.scarlet.be/lmdp ) Consultation libre. Pour l'aide {\`{a}} la constultation, voir http://julibel.fltr.ucl.ac.be/},
annote = {centre VALIBEL. Professeur Michel Francard CENTALl (UCL, {\'{e}}galement) Professeur Cedric Fairon cedrick.fairon@uclouvain.be Projet initi{\'{e}} en 1995 {\`{a}} la r{\'{e}}daction de LMDP ( http://home.scarlet.be/lmdp ) Consultation libre. Pour l'aide {\`{a}} la constultation, voir http://julibel.fltr.ucl.ac.be/

Une correction, s'il vous pla{\^{i}}t :au lieu de l'adresse de LMDP (la revue), mettez celle de l'acc{\`{e}}s {\`{a}} la recherche dans JULIBEL : http://julibel.fltr.ucl.ac.be/index.php
Pour un profane, le fichier http://home.scarlet.be/lmdp/julibelmoded'emploi.html me para{\^{i}}t bien utile {\`{a}} citer.},
author = {Bradfer, Jules and Francard, Michel and Fairon, Cedric},
booktitle = {Caution scientifique : le centre VALIBEL de l'UCL (Un. cath. de Louvain-la-Neuve). http://home.scarlet.be/lmdp},
howpublished = {Centres VALIBEL et CENTAL, $\backslash$url{\{}http://julibel.fltr.ucl.ac.be/index.php{\}}, consult{\'{e}} le 08/05/2013},
title = {{Base de donn{\'{e}}es Julibel}},
url = {http://home.scarlet.be/lmdp/julibel.html http://julibel.fltr.ucl.ac.be/ http://www.uclouvain.be/97199.html},
year = {1995}
}
@book{Mitkov2003,
abstract = {Thirty-eight chapters, commissioned from experts all over the world, describe major concepts, methods, and applications in computational linguistics. Part I, Linguistic Fundamentals, provides an overview of the field suitable for senior undergraduates and non-specialists from other fields of linguistics and related disciplines. Part II describes current tasks, techniques, and tools in Natural Language Processing and aims to meet the needs of post-doctoral workers and others embarking on computational language research. Part III surveys current Applications. The book is a state-of-the-art reference to one of the most active and productive fields in linguistics. It will be of interest and practical use to a wide range of linguists, as well as to researchers in such fields as informatics, artificial intelligence, language engineering, and cognitive science.},
author = {Mitkov, Ruslan},
booktitle = {Computational Linguistics},
chapter = {Term Extra},
editor = {Mitkov, Ruslan},
number = {1},
pages = {784},
publisher = {Oxford University Press},
series = {Oxford Handbooks in Linguistics},
title = {{The Oxford Handbook of Computational Linguistics}},
url = {http://books.google.com/books?hl=en{\&}lr={\&}id=OaClhre-vW4C{\&}pgis=1},
volume = {0},
year = {2003}
}
@article{Arnal1988,
abstract = {L'enseignement de la g{\'{e}}ographie est confront{\'{e}} {\`{a}} l'irruption de nouvelles technologies comme la t{\'{e}}l{\'{e}}matique. Jusqu'{\`{a}} pr{\'{e}}sent les principaux programmes d'aide {\`{a}} l'enseignement sur Minitel concernent essentiellement des tests de connaissance sous forme de Questionnaires {\`{a}} Choix Multiples (QCM) privil{\'{e}}giant le texte par rapport {\`{a}} l'image. Ce champ d'exp{\'{e}}rimentation n'a pas encore fait l'objet d'une r{\'{e}}flexion didactique approfondie La t{\'{e}}l{\'{e}}matique oblige l'auteur {\`{a}} pratiquer certains choix dans la formulation du discours g{\'{e}}ographique Le ma{\^{i}}tre ou l'{\'{e}}l{\`{e}}ve peuvent devenir ais{\'{e}}ment des concepteurs {\'{e}}laborant des banques de donn{\'{e}}es. Les exp{\'{e}}riences conduites {\`{a}} l'Universit{\'{e}} de Saint-Etienne sur le videotex ASTREE en direction des coll{\`{e}}gesjyc{\'{e}}es et universit{\'{e}}s ouvrent des perspectives int{\'{e}}ressantes pour la recherche en didactique de la g{\'{e}}ographie.},
author = {Arnal, Fran{\c{c}}ois},
doi = {10.3406/geoca.1988.3371},
file = {:home/marie/.local/share/data/Mendeley Ltd./Mendeley Desktop/Downloaded/Arnal - 1988 - Le questionnaire {\`{a}} choix multiple sur minitel une nouvelle proc{\'{e}}dure didactique dans l'enseignement de la g{\'{e}}ographie.pdf:pdf},
issn = {0035-113X},
journal = {Revue de g{\'{e}}ographie de Lyon},
keywords = {DIDACTIQUE DE LA GEOGRAPHIE,GEOGRAPHY TEACHING,INFORMATICS AND TELEMATIC,INFORMATIQUE,M С Q.,QCM,TELEMATIQUE},
number = {2},
pages = {69--77},
publisher = {Universit{\'{e}} de Lyon},
title = {{Le questionnaire {\`{a}} choix multiple sur minitel : une nouvelle proc{\'{e}}dure didactique dans l'enseignement de la g{\'{e}}ographie/ M.C.Q. on Minitel : new proceedings in geographical teaching}},
url = {/web/revues/home/prescript/article/geoca{\_}0035-113x{\_}1988{\_}num{\_}63{\_}2{\_}3371},
volume = {63},
year = {1988}
}
@article{Marchand2009,
abstract = {D'apr{\`{e}}s les Journ{\'{e}}es d'{\'{e}}tude « Le style et sa mod{\'{e}}lisation », 10 {\&} 11 d{\'{e}}cembre 2009},
author = {Marchand, Pascal},
file = {:home/marie/.local/share/data/Mendeley Ltd./Mendeley Desktop/Downloaded/Garric, Maurel-Indart - 2009 - Vers une automatisation de l'analyse textuelle.pdf:pdf},
journal = {texto!},
number = {4},
pages = {48--53},
title = {{Genre, style et attitude {\`{a}} l'{\'{e}}gard du langage : tentative de diagnostic automatique sur un corpus politique}},
url = {http://www.revue-texto.net/index.php?id=2765},
volume = {XV},
year = {2009}
}
@phdthesis{Strommer2011,
author = {Strommer, Claus Walter},
file = {:home/marie/.local/share/data/Mendeley Ltd./Mendeley Desktop/Downloaded/Strommer - 2011 - Using Rhetorical Figures and Shallow Attributes as a Metric of Intent in Text.pdf:pdf},
school = {University of Waterloo},
title = {{Using Rhetorical Figures and Shallow Attributes as a Metric of Intent in Text}},
url = {http://hdl.handle.net/10012/5972 https://libdspace.uwaterloo.ca/handle/10012/5972},
year = {2011}
}
@article{author,
title = {{No Title}}
}
@article{Aristote-329a,
author = {Aristote},
title = {{La rh{\'{e}}torique}}
}
@inproceedings{dunn2013,
address = {Atlanta, Georgia},
author = {Dunn, Jonathan},
booktitle = {Proceedings of the First Workshop on Metaphor in NLP},
file = {:media/Verbatim/Mesdocuments/Uppsala/Download/Dunn2013.pdf:pdf},
month = {jun},
pages = {1--10},
publisher = {Association for Computational Linguistics},
title = {{What metaphor identification systems can tell us about metaphor-in-language}},
url = {http://www.aclweb.org/anthology/W13-0901},
year = {2013}
}
@book{Bird2009,
author = {Bird, Steven and Klein, Ewan and Loper, Edward},
edition = {O'Reilly M},
title = {{Natural Language Processing with Python}},
year = {2009}
}
@inproceedings{niculae2013,
address = {Sofia, Bulgaria},
author = {Niculae, Vlad and Yaneva, Victoria},
booktitle = {51st Annual Meeting of the Association for Computational Linguistics Proceedings of the Student Research Workshop},
file = {:home/marie/.local/share/data/Mendeley Ltd./Mendeley Desktop/Downloaded/Niculae, Yaneva - 2013 - Computational considerations of comparisons and similes.pdf:pdf},
month = {aug},
pages = {89--95},
publisher = {Association for Computational Linguistics},
title = {{Computational considerations of comparisons and similes}},
url = {http://www.aclweb.org/anthology/P13-3013},
year = {2013}
}
@article{balpe1995pour,
author = {Balpe, Jean-Pierre},
journal = {Litt{\'{e}}rature et Informatique. La litt{\'{e}}rature g{\'{e}}n{\'{e}}r{\'{e}}e par ordinateur},
publisher = {Arras, Universit{\{}{\'{e}}{\}} d'Artois},
title = {{Pour une litt{\'{e}}rature informatique: un manifeste..}},
year = {1995}
}
@article{Mann1988,
abstract = {Rhethorical Structure Theory is a descriptive theory of a major aspect of the organization of natural text. It is a linguistically useful method for describing natural texts, characterizing their structure primarily in terms of relations that hold between parts of the text. This paper establishes a new definitional foundation for RST. The paper also examines three claims of RST: the predominance of nucleus/satellite structural patterns, the functional basis of hierarchy, and the communicative role of text structure.},
author = {Mann, William C. and Thompson, Sandra A.},
doi = {10.1515/text.1.1988.8.3.243},
editor = {Polanyi, L},
issn = {01654888},
journal = {Text},
number = {3},
pages = {243--281},
publisher = {Walter de Gruyter, Berlin/New York Berlin, New York},
title = {{Rhetorical structure theory: Toward a functional theory of text organization}},
url = {http://www.reference-global.com/doi/abs/10.1515/text.1.1988.8.3.243},
volume = {8},
year = {1988}
}
@article{garcia,
annote = {ISSN : 0570-7218},
author = {Garc{\'{i}}a-Page, Mario},
file = {:home/marie/.local/share/data/Mendeley Ltd./Mendeley Desktop/Downloaded/GARC{\'{I}}A-PAGE - Unknown - El retru{\'{e}}cano l{\'{e}}xico y sus l{\'{i}}mites.pdf:pdf},
journal = {Archivum: Revista de la Facultad de Filolog{\'{i}}a de Oviedo},
pages = {173--203},
title = {{El ``retru{\'{e}}cano l{\'{e}}xico" y sus l{\'{i}}mites}},
volume = {41-42},
year = {1991}
}
@book{Jurafsky2009,
abstract = {This book takes an empirical approach to language processing, based on applying statistical and other machine-learning algorithms to large corpora. Methodology boxes are included in each chapter. Each chapter is built around one or more worked examples to demonstrate the main idea of the chapter. Covers the fundamental algorithms of various fields, whether originally proposed for spoken or written language to demonstrate how the same algorithm can be used for speech recognition and word-sense disambiguation. Emphasis on web and other practical applications. Emphasis on scientific evaluation. Useful as a reference for professionals in any of the areas of speech and language processing.},
author = {Jurafsky, Daniel and Martin, James H},
booktitle = {Computational Linguistics},
chapter = {6},
editor = {Russel, Stuart and Norving, Peter},
file = {:home/marie/.local/share/data/Mendeley Ltd./Mendeley Desktop/Downloaded/Jurafsky, Martin - 2000 - Speech and Language Processing An Introduction to Natural Language Processing, Computational Linguistics, and.pdf:pdf},
issn = {15346617},
number = {1},
pages = {934},
pmid = {22146067},
publisher = {Prentice Hall, Pearson International Edition},
series = {Prentice Hall Series in Artificial Intelligence},
title = {{Speech and Language Processing: An Introduction to Natural Language Processing, Computational Linguistics, and Speech Recognition}},
volume = {163},
year = {2009}
}
@inproceedings{Bendersky2012,
address = {Montr{\'{e}}al, Canada},
author = {Bendersky, Michael and Smith, DA},
booktitle = {Proceedings of the NAACL-HLT 2012 Workshop on Computational Linguistics for Literature},
file = {:home/marie/.local/share/data/Mendeley Ltd./Mendeley Desktop/Downloaded/Bendersky, Smith - 2012 - A Dictionary of Wisdom and Wit Learning to Extract Quotable Phrases.pdf:pdf},
pages = {69--77},
title = {{A Dictionary of Wisdom and Wit: Learning to Extract Quotable Phrases}},
url = {http://acl.eldoc.ub.rug.nl/mirror/W/W12/W12-25.pdf{\#}page=79},
year = {2012}
}
@article{Lee2003,
author = {Lee, Lillian},
journal = {CoRR},
title = {{"I'm sorry Dave, I'm afraid I can't do that": Linguistics, Statistics and Natural Language Processing circa 2001}},
volume = {cs.CL/0304},
year = {2003}
}
@phdthesis{gawr,
author = {Gawryjolek, Jakub J.},
file = {:home/marie/.local/share/data/Mendeley Ltd./Mendeley Desktop/Downloaded/Gawryjolek - 2009 - Automated Annotation and Visualization of Rhetorical Figures.pdf:pdf},
howpublished = {M{\'{e}}moire de Master},
school = {Universty of Waterloo},
title = {{Automated Annotation and Visualization of Rhetorical Figures}},
type = {Master thesis},
year = {2009}
}
@article{Singh2008,
author = {Singh, AK},
file = {:home/marie/.local/share/data/Mendeley Ltd./Mendeley Desktop/Downloaded/Singh - 2008 - Natural Language Processing for Less Privileged Languages Where do we come from Where are we going.pdf:pdf},
journal = {NLP for Less Privileged Languages},
number = {January},
pages = {7--12},
title = {{Natural Language Processing for Less Privileged Languages: Where do we come from? Where are we going?}},
url = {http://speech.ee.ntu.edu.tw/{~}aaron/acl/www.aclweb.org/anthology-new/I/I08/I08-3.pdf{\#}page=17},
year = {2008}
}
@electronic{Trouvilliez2010,
annote = {about Ontologies, Wordnet, Eurowordnet et WOLF},
author = {Trouvilliez, Beno{\^{i}}t},
institution = {Onyme},
title = {{Blog Onyme Analyse s{\'{e}}mantique et Traitement Automatis{\'{e}} de la Langue}},
url = {http://blog.onyme.com/ontologies-wordnet-eurowordnet-et-wolf/},
year = {2010}
}
@book{Collins2003,
author = {Collins},
publisher = {Harper Collins Publishers},
title = {{Collins English Dictionary and Thesaurus}},
year = {2003}
}
@article{balpe1995pour,
author = {Balpe, Jean-Pierre},
journal = {Litt{\{}{\'{e}}{\}}rature et Informatique. La litt{\{}{\'{e}}{\}}rature g{\{}{\'{e}}{\}}n{\{}{\'{e}}{\}}r{\{}{\'{e}}{\}}e par ordinateur},
publisher = {Arras, Universit{\{}{\'{e}}{\}} d'Artois},
title = {{Pour une litt{\{}{\'{e}}{\}}rature informatique: un manifeste..}},
year = {1995}
}
@inproceedings{Ramisch2012enfr,
address = {Jeju Island, Korea},
author = {Ramisch, Carlos and {De Araujo}, Vitor and Villavicencio, Aline},
booktitle = {Proceedings of ACL 2012 Student Research Workshop},
pages = {1--6},
publisher = {Association for Computational Linguistics},
title = {{A Broad Evaluation of Techniques for Automatic Acquisition of Multiword Expressions}},
url = {http://www.aclweb.org/anthology/W12-3301},
year = {2012}
}
@book{Webster1913,
author = {Webster, Noah and Porter, Noah},
publisher = {G. Bell},
title = {{Webster's Revised Unabridged Dictionary}},
year = {1913}
}
@inproceedings{quiniou:hal-00675586,
abstract = {Dans cet article, nous pr{\{}{\'{e}}{\}}sentons une {\{}{\'{e}}{\}}tude sur l'utilisation de m{\{}{\'{e}}{\}}thodes de fouille de donn{\{}{\'{e}}{\}}es pour l'analyse stylistique - d'un point de vue linguistique - en consid{\{}{\'{e}}{\}}rant des motifs s{\{}{\'{e}}{\}}quentiels {\{}{\'{e}}{\}}mergents. Nous montrons tout d'abord que la fouille de motifs s{\{}{\'{e}}{\}}quentiels de mots en utilisant la contrainte gap permet d'obtenir de nouveaux patrons linguistiques pertinents par rapport aux patrons construits {\{}{\`{a}}{\}} partir de n-grammes. Nous {\{}{\'{e}}{\}}tudions ensuite l'utilisation de motifs s{\{}{\'{e}}{\}}quentiels d'itemsets pour produire des patrons linguistiques plus g{\{}{\'{e}}{\}}n{\{}{\'{e}}{\}}raux. Nous validons notre approche d'un point de vue quantitatif et d'un point de vue linguistique, en r{\{}{\'{e}}{\}}alisant des exp{\{}{\'{e}}{\}}rimentations sur trois corpus fran{\{}{\c{c}}{\}}ais correspondant {\{}{\`{a}}{\}} diff{\{}{\'{e}}{\}}rents genres de texte (la po{\{}{\'{e}}{\}}sie, les correspondances et les romans, respectivement). En consid{\{}{\'{e}}{\}}rant plus particuli{\{}{\`{e}}{\}}rement les textes po{\{}{\'{e}}{\}}tiques, nous montrons que les techniques de fouille de donn{\{}{\'{e}}{\}}es employ{\{}{\'{e}}{\}}es permettent d'identifier des patrons linguistiques caract{\{}{\'{e}}{\}}ristiques.},
address = {Li{\`{e}}ge, Belgique},
author = {Quiniou, Solen and Cellier, Peggy and Charnois, Thierry and Legallois, Dominique},
booktitle = {Actes des Journ{\'{e}}es Internationales d'Analyse Statistique des Donn{\'{e}}es Textuelles},
keywords = {fouille de donn{\'{e}}es,motifs s{\{}{\'{e}}{\}}qu,stylistique},
pages = {821--833},
title = {{Fouille de donn{\'{e}}es pour la stylistique : cas des motifs s{\'{e}}quentiels {\'{e}}mergents}},
url = {http://hal.archives-ouvertes.fr/hal-00675586},
year = {2012}
}
@book{Aristotle-329,
author = {Aristotle},
editor = {Library, The University of Adelaide},
publisher = {eBooks@Adelaide},
title = {{Rhetoric}},
url = {http://remacle.org/bloodwolf/philosophes/Aristote/tablerheto.htm http://ebooks.adelaide.edu.au/a/aristotle/a8rh/book1.html{\#}book1},
year = {329}
}
@misc{Google-Scholar2012,
author = {Google-Scholar},
title = {{Google Scholar}},
url = {http://scholar.google.fr/},
year = {2012}
}
@inproceedings{Nivre06maltparser:a,
author = {Nivre, Joakim and Hall, Johan and Nilsson, Jens},
booktitle = {In Proc. of LREC-2006},
pages = {2216--2219},
title = {{MaltParser: A data-driven parser-generator for dependency parsing}},
year = {2006}
}
@article{Clark04,
title = {{No Title}}
}
@inproceedings{foster2010,
author = {Foster, Jennifer},
booktitle = {Proceedings of the NAACL-HLT},
file = {:home/marie/.local/share/data/Mendeley Ltd./Mendeley Desktop/Downloaded/Foster - 2010 - ``cba to check the spelling'' Investigating Parser Performance on Discussion Forum Posts.pdf:pdf},
pages = {381--384},
publisher = {Association for Computational Linguistics},
title = {{``cba to check the spelling'': Investigating Parser Performance on Discussion Forum Posts}},
url = {http://aclweb.org/anthology/N10-1060},
year = {2010}
}
@inproceedings{chiu2007,
address = {Prague, Czech Republic},
author = {Chiu, Andy and Poupart, Pascal and DiMarco, Chrysanne},
booktitle = {Proceedings of the 2007 Joint Conference on Empirical Methods in Natural Language Processing and Computational Natural Language Learning (EMNLP-CoNLL)},
file = {:home/marie/.local/share/data/Mendeley Ltd./Mendeley Desktop/Downloaded/Chiu, Poupart, DiMarco - 2007 - Generating Lexical Analogies Using Dependency Relations.pdf:pdf},
month = {jun},
pages = {561--570},
publisher = {Association for Computational Linguistics},
title = {{Generating Lexical Analogies Using Dependency Relations}},
url = {http://www.aclweb.org/anthology/D/D07/D07-1059},
year = {2007}
}
@book{Woodson1979,
author = {Woodson, Linda},
publisher = {Distributed by ERIC Clearinghouse [Washington, D.C.]},
title = {{A Handbook of Modern Rhetorical Terms}},
type = {Book, Microform, Online},
url = {http://www.eric.ed.gov/contentdelivery/servlet/ERICServlet?accno=ED173864},
year = {1979}
}
@proceedings{DBLP:conf/emnlp/2011,
booktitle = {EMNLP},
isbn = {978-1-937284-11-4},
publisher = {ACL},
title = {{Proceedings of the 2011 Conference on Empirical Methods in Natural Language Processing, EMNLP 2011, 27-31 July 2011, John McIntyre Conference Centre, Edinburgh, UK, A meeting of SIGDAT, a Special Interest Group of the ACL}},
year = {2011}
}
@inproceedings{Schmid,
address = {Manchester, Great Britain},
annote = {$\backslash$url{\{}http://www.ims.uni-stuttgart.de/projekte/corplex/TreeTagger/DecisionTreeTagger.html{\}}
$\backslash$url{\{}http://www.ims.uni-stuttgart.de/projekte/corplex/TreeTagger/{\}}
http://www.ims.uni-stuttgart.de/projekte/corplex/TreeTagger/DecisionTreeTagger.html},
author = {Schmid, Helmut},
booktitle = {Proceedings of International Conference on New Methods in Language Processing},
pages = {44--49},
title = {{Probabilistic Part-of-Speech Tagging Using Decision Trees}},
year = {1994}
}
@book{horvei1985changing,
author = {Horvei, Harald},
isbn = {9788299080224},
publisher = {The Author},
title = {{The Changing Fortunes of a Rhetorical Term: The History of the Chiasmus}},
url = {http://books.google.se/books?id=tDUpAAAACAAJ},
year = {1985}
}
@article{katz2006,
author = {Katz, Graham},
file = {:home/marie/.local/share/data/Mendeley Ltd./Mendeley Desktop/Downloaded/Katz - 2006 - Proceedings of the Workshop on Multiword Expressions Identifying and Exploiting Underlying Properties.pdf:pdf},
number = {July},
pages = {12--19},
title = {{Proceedings of the Workshop on Multiword Expressions: Identifying and Exploiting Underlying Properties}},
year = {2006}
}
@article{milic1982,
annote = {Bibtex par Springer

      },
author = {Milic, Louis Tonko},
file = {:home/marie/.local/share/data/Mendeley Ltd./Mendeley Desktop/Downloaded/Milic - 1982 - The Annals of Computing Stylistics.pdf:pdf},
issn = {00104817},
journal = {Computers and the Humanities},
number = {1},
pages = {19--24},
publisher = {Springer},
title = {{The Annals of Computing: Stylistics}},
url = {http://www.jstor.org/stable/30204721},
volume = {16},
year = {1982}
}
@book{ibekwe,
abstract = {La fouille de textes est une th{\{}{\'{e}}{\}}matique scientifique pluridisciplinaire
mettant en relation la recherche universitaire, la recherche en milieu
industriel, les pr{\{}{\'{e}}{\}}occupations en sciences fondamentales et les
enjeux politico-{\{}{\'{e}}{\}}conomiques. Elle f{\{}{\'{e}}{\}}d{\{}{\`{e}}{\}}re des th{\{}{\'{e}}{\}}matiques
issues des sciences de l'information, de la linguistique, de la statistique
et des m{\{}{\'{e}}{\}}thodes d'apprentissage (I.A). Dans un contexte o{\{}{\`{u}}{\}},
gr{\{}{\^{a}}{\}}ce au Web, l'acc{\{}{\`{e}}{\}}s {\{}{\`{a}}{\}} l'information {\{}{\'{e}}{\}}crite est
divers, abondant, multilingue et multihorizons, la fouille de textes
est par excellence un domaine pour lequel il {\{}{\'{e}}{\}}tait n{\{}{\'{e}}{\}}cessaire
de faire un {\{}{\'{e}}{\}}tat des lieux. Cet ouvrage analyse en profondeur
et de mani{\{}{\`{e}}{\}}re exhaustive les probl{\{}{\'{e}}{\}}matiques et les apports
de la fouille de textes. Il est destin{\{}{\'{e}}{\}} aux doctorants, aux chercheurs
et industriels souhaitant disposer d'une vision globale des m{\{}{\'{e}}{\}}thodes
et enjeux de ce nouveau paradigme de recherche.},
author = {Ibekwe-Sanjuan, Fidelia},
keywords = {fouille de textes ; recherche d'information ; m{\{}{\'{e}}{\}}},
pages = {352},
publisher = {Herm{\`{e}}s - Lavoisier},
series = {Syst{\{}{\`{e}}{\}}mes d'information et organisations documentaires},
title = {{Fouille de texte.}},
url = {http://hal.archives-ouvertes.fr/hal-00636094},
year = {2007}
}
@book{Greene2012,
editor = {Greene, Roland and Cushman, Stephen and Cavanagh, Clare and Ramazani, Jahan and Rouzer, Paul},
isbn = {9780691154916},
publisher = {Princeton University Press},
title = {{The Princeton Encyclopedia of Poetry and Poetics: Fourth Edition}},
url = {http://books.google.fr/books?id=uKiC6IeFR2UC http://books.google.fr/books?id=uKiC6IeFR2UC{\&}pg=PA58{\&}lpg=PA58{\&}dq=garcia+page+antimetabole{\&}source=bl{\&}ots=auS7vdihxk{\&}sig=DBQXw6lHoeTDLo9dzX0jmaeofhk{\&}hl=en{\&}sa=X{\&}ei=YkXkULatBcWXhQfO04DoCg{\&}ved=0CCsQ6AEwAA{\#}v=onepage{\&}},
year = {2012}
}
@book{gardes,
address = {Paris},
author = {Gardes-Tamine, Jo{\"{e}}lle},
edition = {4e {\'{e}}dition},
publisher = {A. Colin},
series = {Cursus},
title = {{La grammaire,Tome 1, Phonologie, morphologie, lexicologie}},
year = {1988}
}
@inproceedings{hromadaShort,
address = {Hissar, Bulgaria},
author = {Hromada, Daniel Devatman},
booktitle = {RANLP},
file = {:home/marie/.local/share/data/Mendeley Ltd./Mendeley Desktop/Downloaded/Hromada - 2011 - Initial Experiments with Multilingual Extraction of Rhetoric Figures by means of PERL-compatible Regular Expressions.pdf:pdf},
title = {{Initial Experiments with Multilingual Extraction of Rhetoric Figures by means of PERL-compatible Regular Expressions}},
year = {2011}
}
@inproceedings{Hardmeier2012,
address = {Jeju Island, Korea},
author = {Hardmeier, Christian and Nivre, Joakim and Tiedemann, J{\"{o}}rg},
booktitle = {Proceedings of the 2012 Joint Conference on Empirical Methods in Natural Language Processing and Computational Natural Language Learning},
file = {:home/marie/.local/share/data/Mendeley Ltd./Mendeley Desktop/Downloaded/Hardmeier, Nivre, Tiedemann - 2012 - Document-wide decoding for phrase-based statistical machine translation.pdf:pdf},
number = {July},
pages = {1179--1190},
title = {{Document-wide decoding for phrase-based statistical machine translation}},
url = {http://dl.acm.org/citation.cfm?id=2391081},
year = {2012}
}
@inproceedings{Agichtein2000,
address = {Texas, USA},
annote = {cit{\'{e}} ailleurs ainsi :
E. Agichtein and L. Gravano. 2000. Snowball: extract-ing relations from large plain-text collections. In
ACM 2000, pages 85–94, Texas, USA.

        
$\backslash$url{\{}http://snowball.tartarus.org/algorithms/french/stemmer.html{\}}

        

      },
author = {Agichtein, Eugene and Gravano, Luis},
booktitle = {Proceedings of the 5th ACM International Conference on Digital Libraries},
pages = {85--94},
title = {{Snowball: Extracting Relations from Large Plain-Text Collections}},
year = {2000}
}
@inproceedings{Tsvetkov2011,
address = {Edinburgh, Great Britain},
annote = {978-1-937284-11-4},
author = {Tsvetkov, Yulia and Wintner, Shuly},
booktitle = {Empirical Methods in Natural Language Processing},
pages = {836--845},
title = {{Identification of Multi-word Expressions by Combining Multiple Linguistic Information Sources}},
year = {2011}
}
@inproceedings{koehn2005,
address = {Phuket, Thailand},
author = {Koehn, Philipp},
booktitle = {The Tenth Machine Translation Summit},
keywords = {Corpus Europarl MT Master},
pages = {79--86},
title = {{Europarl: A Parallel Corpus for Statistical Machine Translation}},
url = {http://mt-archive.info/MTS-2005-Koehn.pdf},
year = {2005}
}
@inproceedings{Kelly:2010:TOR:1878450.1878471,
address = {New York, NY, USA},
author = {Kelly, Ashley R and Abbott, Nike A and Harris, Randy Allen and DiMarco, Chrysanne and Cheriton, David R},
booktitle = {Proceedings of the 28th ACM International Conference on Design of Communication},
doi = {10.1145/1878450.1878471},
file = {:media/Verbatim/Mesdocuments/Uppsala/Download/p123-kelly.pdf:pdf},
isbn = {978-1-4503-0403-0},
keywords = {ontology,rhetoric,rhetorical figures},
pages = {123--130},
publisher = {ACM},
series = {SIGDOC '10},
title = {{Toward an Ontology of Rhetorical Figures}},
url = {http://doi.acm.org/10.1145/1878450.1878471},
year = {2010}
}
@inproceedings{charniak96,
author = {Charniak, Eugene},
booktitle = {Proceedings of AAAI},
file = {:home/marie/.local/share/data/Mendeley Ltd./Mendeley Desktop/Downloaded/Charniak - 1996 - Tree-Bank Grammars.pdf:pdf},
pages = {1031--1036},
title = {{Tree-Bank Grammars}},
url = {http://www.aaai.org/Library/AAAI/1996/aaai96-153.php},
year = {1996}
}
@inproceedings{Constant2010,
address = {Les Ulis, France},
author = {Constant, Matthieu and Nakamura, Takuya and Voyatzi, Stavroula and Bittar, Andr{\'{e}}},
booktitle = {2{\`{e}}me Congr{\`{e}}s Mondial de Linguistique Fran{\c{c}}aise},
doi = {10.1051/cmlf/2010255},
isbn = {978-2-7598-0534-1},
month = {jul},
pages = {151},
publisher = {EDP Sciences},
title = {{Extraction automatique de traductions de mots compos{\'{e}}s fran{\c{c}}ais}},
url = {http://www.linguistiquefrancaise.org/10.1051/cmlf/2010255},
year = {2010}
}
@article{Sagot2008,
author = {Sagot, B and Fi{\v{s}}er, D},
file = {:home/marie/.local/share/data/Mendeley Ltd./Mendeley Desktop/Downloaded/Sagot, Fi{\v{s}}er - 2008 - Building a free french wordnet from multilingual resources.pdf:pdf},
title = {{Building a free french wordnet from multilingual resources}},
url = {http://hal-univ-diderot.archives-ouvertes.fr/inria-00614708/},
year = {2008}
}
@book{Diderot1789,
author = {Diderot, Denis and D'Alembert, Jean le Rond},
howpublished = {http://books.google.fr/books?id=NchCAAAAYAAJ{\&}lpg=PA198{\&}ots=UEkdoAOE-g{\&}dq=antimetabole{\%}20diderot{\&}pg=PA198{\#}v=onepage{\&}q=antimetabole{\%}20diderot{\&}f=false , consult{\'{e}} le 08/04/2013},
pages = {197--199},
publisher = {Panckoucke},
title = {{Encyclop{\'{e}}die m{\'{e}}thodique: ou par ordre de mati{\`{e}}res, volume 66}},
url = {http://books.google.fr/books?id=NchCAAAAYAAJ{\&}pg=PA198{\&}lpg=PA198{\&}dq=antimetabole+diderot{\&}source=bl{\&}ots=UEkdoAOE-g{\&}sig=R4mY2pV1ml-L3Gm0-EJsfsNykGQ{\&}hl=en{\&}sa=X{\&}ei=XX4qUO3CAoW2hAek34DYCw{\&}ved=0CDEQ6AEwAA{\#}v=onepage{\&}q=antimetabole diderot{\&}f=false},
year = {1782}
}
@inproceedings{wehrli92,
author = {Wehrli, Eric},
booktitle = {Proceedings of COLING 1992 Volume 3: The 15th International Conference on Computational Linguistics},
file = {:home/marie/.local/share/data/Mendeley Ltd./Mendeley Desktop/Downloaded/Wehrli - 1992 - The IPS System.pdf:pdf},
title = {{The IPS System}},
url = {http://aclweb.org/anthology/C92-3129},
year = {1992}
}
@book{mifflin,
edition = {5th},
editor = {Mifflin, Houghton},
title = {{The American Heritage Dictionary of the English Language}},
year = {2011}
}
@article{calas2009,
abstract = {D'apr{\`{e}}s les Journ{\'{e}}es d'{\'{e}}tude « Le style et sa mod{\'{e}}lisation », 10 {\&} 11 d{\'{e}}cembre 2009},
author = {Calas, Fr{\'{e}}d{\'{e}}ric},
file = {:home/marie/.local/share/data/Mendeley Ltd./Mendeley Desktop/Downloaded/Garric, Maurel-Indart - 2009 - Vers une automatisation de l'analyse textuelle.pdf:pdf},
journal = {texto!},
number = {4},
pages = {14--32},
title = {{Le style et sa mod{\'{e}}lisation : {\'{e}}laboration d'un r{\'{e}}f{\'{e}}rentiel texte}},
url = {http://www.revue-texto.net/index.php?id=2765},
volume = {XV},
year = {2009}
}
@article{Willett1997,
author = {Clarke, Sarah J. and Willett, Peter},
doi = {10.1108/eb051463},
file = {:home/marie/.local/share/data/Mendeley Ltd./Mendeley Desktop/Downloaded/Clarke, Willett - 1997 - Estimating the recall performance of Web search engines.pdf:pdf},
issn = {0001-253X},
journal = {Proceedings of Aslib},
number = {7},
pages = {184--189},
title = {{Estimating the recall performance of Web search engines}},
url = {http://www.emeraldinsight.com/10.1108/eb051463},
volume = {49},
year = {1997}
}
@article{Barlow2012,
author = {Barlow, Angela T and Marolt, Amy M},
file = {:home/marie/.local/share/data/Mendeley Ltd./Mendeley Desktop/Downloaded/Martin - 2014 - Association for Middle Level Education.pdf:pdf},
issn = {00940771},
journal = {Middle School Journal},
number = {3},
pages = {pp. 50--55},
publisher = {Association for Middle Level Education (AMLE)},
title = {{Effective use of multiple-choice items in the mathematics classroom: Well designed multiple-choice items can provide more than a summative check of knowledge and skills}},
url = {http://www.jstor.org/stable/23074859},
volume = {43},
year = {2012}
}
@book{croft2010,
abstract = {No Abstract.},
author = {Croft, Bruce and Metzler, Donald and Strohman, Trevor},
booktitle = {The Computer Journal},
isbn = {9780136072249},
issn = {0010-4620},
number = {5},
pages = {831--832},
pmid = {2009002640},
publisher = {Pearson Education},
title = {{Search Engines: Information Retrieval in Practice: International Edition}},
volume = {54},
year = {2010}
}
@inproceedings{Ramisch2010,
address = {Beijing, China},
annote = {http://dblp.uni-trier.de/db/conf/coling/coling2010d.html{\#}RamischVB10a},
author = {Ramisch, Carlos and Villavicencio, Aline and Boitet, Christian},
booktitle = {COLING, International Conference on Computational Linguistics (Demos)},
file = {:home/marie/.local/share/data/Mendeley Ltd./Mendeley Desktop/Downloaded/Ramisch, Villavicencio, Boitet - 2010 - Multiword expressions in the wild the mwetoolkit comes in handy.pdf:pdf},
keywords = {dblp},
pages = {57--60},
title = {{Multiword Expressions in the wild? The mwetoolkit comes in handy.}},
year = {2010}
}
@inproceedings{dubremetz2013,
address = {Les Sables d'Olonne, France},
author = {Dubremetz, Marie},
booktitle = {Actes de la 15e Rencontres des {\'{E}}tudiants Chercheurs en Informatique pour le Traitement Automatique des Langues (RECITAL'2013)},
file = {:home/marie/.local/share/data/Mendeley Ltd./Mendeley Desktop/Downloaded/Dubremetz - 2013 - Vers une identification automatique du chiasme de mots.pdf:pdf},
pages = {150--163},
title = {{Vers une identification automatique du chiasme de mots}},
year = {2013}
}
@inproceedings{Danescu-Niculescu-Mizil+al:12b,
annote = {http://www.mpi-sws.org/{\~{}}cristian/memorability.html bibtex del{\&}{\#}039;auteur lui m{\^{e}}me

      },
author = {Danescu-Niculescu-Mizil, Cristian and Cheng, Justin and Kleinberg, Jon and Lee, Lillian},
booktitle = {Proceedings of ACL},
file = {:media/Verbatim/Mesdocuments/Uppsala/Download/20130708{\_}Danescu{\_}memorabilty{\_}2012.pdf:pdf},
pages = {892--901},
title = {{You had me at hello: How phrasing affects memorability}},
year = {2012}
}
@article{Nordahl1971,
annote = {ISSN: 1600-0811},
archivePrefix = {arXiv},
arxivId = {ISSN: 1600-0811},
author = {Nordahl, Helge},
eprint = {ISSN: 1600-0811},
file = {:home/marie/.local/share/data/Mendeley Ltd./Mendeley Desktop/Downloaded/Nordahl - 1971 - Variantes chiasmiques. Essai de description formelle.pdf:pdf},
journal = {Revue Romane},
pages = {219--232},
title = {{Variantes chiasmiques. Essai de description formelle}},
url = {http://e-tidsskrifter.dk/ojs/index.php/revue{\_}romane/article/view/11212/21266},
volume = {6},
year = {1971}
}
@article{author,
title = {{No Title}}
}
@inproceedings{ozbal2013,
address = {Sofia, Bulgaria},
author = {{\"{O}}zbal, G{\"{o}}zde and Pighin, Daniele and Strapparava, Carlo},
booktitle = {Proceedings of the 51st Annual Meeting of the Association for Computational Linguistics (Volume 1: Long Papers)},
file = {:home/marie/.local/share/data/Mendeley Ltd./Mendeley Desktop/Downloaded/{\"{O}}zbal, Pighin, Strapparava - 2013 - BRAINSUP Brainstorming Support for Creative Sentence Generation.pdf:pdf},
month = {aug},
pages = {1446--1455},
publisher = {Association for Computational Linguistics},
title = {{BRAINSUP: Brainstorming Support for Creative Sentence Generation}},
url = {http://www.aclweb.org/anthology/P13-1142},
year = {2013}
}
@misc{Xerox2012,
author = {Xerox},
title = {{Xerox Incremental Parser}},
url = {http://open.xerox.com/Services/XIPParser/Consume/64},
year = {2012}
}
@inproceedings{ramisch-dearaujo-villavicencio:2012:SRW,
address = {Jeju Island, Korea},
author = {Ramisch, Carlos and {De Araujo}, Vitor and Villavicencio, Aline},
booktitle = {{\{}P{\}}roceedings of {\{}ACL{\}} 2012 {\{}S{\}}tudent {\{}R{\}}esearch {\{}W{\}}orkshop},
month = {jul},
pages = {1--6},
publisher = {Association for Computational Linguistics},
title = {{{\{}A{\}} {\{}B{\}}road {\{}E{\}}valuation of {\{}T{\}}echniques for {\{}A{\}}utomatic {\{}A{\}}cquisition of {\{}M{\}}ultiword {\{}E{\}}xpressions}},
url = {http://www.aclweb.org/anthology/W12-3301},
year = {2012}
}
@book{larousse,
author = {Pougeoise, Michel},
isbn = {9782200252397},
publisher = {Armand Colin},
title = {{Dictionnaire de Rh{\'{e}}torique}},
year = {2001}
}
@article{Veale2010,
author = {Veale, Tony and Hao, Yanfen},
file = {:home/marie/.local/share/data/Mendeley Ltd./Mendeley Desktop/Downloaded/Veale, Hao - 2010 - Detecting ironic intent in creative comparisons.pdf:pdf},
journal = {Proc. of ECAI'2010, the 19th European Conference {\ldots}},
title = {{Detecting ironic intent in creative comparisons}},
url = {http://afflatus.ucd.ie/papers/ecai268.pdf},
year = {2010}
}
@incollection{year,
title = {{No Title}}
}
@article{SilberzteinLadl1990,
annote = {http://www.persee.fr/web/revues/home/prescript/article/lfr{\_}0023-8368{\_}1990{\_}num{\_}87{\_}1{\_}6328
10.3406/lfr.1990.6328},
author = {Silberztein, Max and L.A.D.L.},
file = {:home/marie/.local/share/data/Mendeley Ltd./Mendeley Desktop/Downloaded/Silberztein, L.A.D.L. - 1990 - Le dictionnaire {\'{e}}lectronique des mots compos{\'{e}}s.pdf:pdf},
issn = {0023-8368},
journal = {Langue fran{\c{c}}aise},
number = {1},
pages = {71--83},
title = {{Le dictionnaire {\'{e}}lectronique des mots compos{\'{e}}s}},
volume = {87},
year = {1990}
}
@article{Sinclair1996,
author = {Sinclair, J.},
journal = {EAG--TCWG--CTYP/P},
title = {{Preliminary recommandations on Corpus Typology}},
url = {http://www.ilc.cnr.it/EAGLES96/typology/typology.html},
year = {1996}
}
@book{Porter1980,
author = {Porter, Martin F.},
file = {:home/marie/.local/share/data/Mendeley Ltd./Mendeley Desktop/Downloaded/Porter - 1980 - An Algorithm for Suffix Stripping Program.pdf:pdf},
pages = {14(3) 130--137},
title = {{An Algorithm for Suffix Stripping Program}},
year = {1980}
}
@article{Ramisch2010,
author = {Ramisch, Carlos and Villavicencio, Aline and Boitet, Christian},
file = {:home/marie/.local/share/data/Mendeley Ltd./Mendeley Desktop/Downloaded/Ramisch, Villavicencio, Boitet - 2010 - Multiword expressions in the wild the mwetoolkit comes in handy.pdf:pdf},
journal = {Proceedings of the 23rd {\ldots}},
number = {August},
pages = {57--60},
title = {{Multiword expressions in the wild?: the mwetoolkit comes in handy}},
url = {http://dl.acm.org/citation.cfm?id=1944299},
year = {2010}
}
@article{author,
title = {{No Title}}
}
@article{Aristote-329a,
author = {Aristote},
title = {{La rh{\'{e}}torique}}
}
@book{Arthos,
address = {Princeton, N.J.},
annote = {Published in 1965 under title: Encyclopedia of poetry and poetics.},
author = {Arthos, John},
booktitle = {Princeton encyclopedia of poetry and poetics},
edition = {Enl. ed.},
editor = {Hardison, O B},
pages = {xxiv, 992 p. ;},
publisher = {Princeton University Press},
title = {{Figure of speech}},
year = {1974}
}
@inproceedings{Rao2009a,
address = {Athens, Greece},
author = {Rao, Delip and Ravichandran, Deepak},
booktitle = {Proceedings of the 12th Conference of the European Chapter of the ACL (EACL 2009)},
doi = {10.3115/1609067.1609142},
file = {:home/marie/.local/share/data/Mendeley Ltd./Mendeley Desktop/Downloaded/Rao, Ravichandran - 2009 - Semi-Supervised Polarity Lexicon Induction.pdf:pdf},
pages = {675--682},
title = {{Semi-Supervised Polarity Lexicon Induction}},
url = {http://www.aclweb.org/anthology/E09-1077},
year = {2009}
}
@inproceedings{danlos2011,
abstract = {This paper introduces EasyText, a fully operational NLG System. This application processes numerical data (in tables) in order to generate specific analytical comments of these tables. We start by describing the context of this particular NLG application (communicative goal, user profiles, etc.). We then shortly present the theoretical background which underlies EasyText, before describing its implementation and realization.},
address = {Nancy, France},
author = {Danlos, Laurence and Meunier, Fr{\'{e}}d{\'{e}}ric and Combet, Vanessa},
booktitle = {ENLG 2011 - 13th European Workshop on Natural Language Generation},
file = {:home/marie/.local/share/data/Mendeley Ltd./Mendeley Desktop/Downloaded/Danlos, Meunier, Combet - 2011 - EasyText an Operational NLG System.pdf:pdf},
month = {sep},
title = {{EasyText: an Operational NLG System}},
url = {http://hal.inria.fr/inria-00614760},
year = {2011}
}
@inproceedings{Pecina2008,
address = {Marrakech, Morocco},
annote = {2-9517408-4-0},
author = {Pecina, Pavel},
booktitle = {Proceedings of the LREC 2008 Workshop Towards a Shared Task for Multiword Expressions},
pages = {54--57},
title = {{A Machine Learning Approach to Multiword Expression Extraction}},
year = {2008}
}
@book{Panckoucke1832,
author = {Panckoucke, C.L.F.},
edition = {Biblioth{\`{e}}q},
publisher = {C. L. F. Panckoucke},
title = {{Institution oratoire de Quintilien, vol.4}},
url = {http://books.google.fr/books?id=NL4KAQAAIAAJ},
year = {1832}
}
@article{Weka,
address = {New York, NY, USA},
author = {Hall, Mark and Frank, Eibe and Holmes, Geoffrey and Pfahringer, Bernhard and Reutemann, Peter and Witten, Ian H},
doi = {10.1145/1656274.1656278},
issn = {1931-0145},
journal = {SIGKDD Exploration Newsletter},
number = {1},
pages = {10--18},
publisher = {ACM},
title = {{The WEKA data mining software: an update}},
url = {http://doi.acm.org/10.1145/1656274.1656278},
volume = {11},
year = {2009}
}
@article{author,
title = {{No Title}}
}
@inproceedings{Danescu-Niculescu-Mizil+al:12b,
annote = {http://www.mpi-sws.org/{\~{}}cristian/memorability.html bibtex del{\&}{\#}039;auteur lui m{\^{e}}me

      },
author = {Danescu-Niculescu-Mizil, Cristian and Cheng, Justin and Kleinberg, Jon and Lee, Lillian},
booktitle = {Proceedings of ACL},
pages = {892--901},
title = {{You had me at hello: How phrasing affects memorability}},
year = {2012}
}
@inproceedings{manning2014,
author = {Manning, Christopher D and Surdeanu, Mihai and Bauer, John and Finkel, Jenny and Bethard, Steven J and McClosky, David},
booktitle = {Association for Computational Linguistics (ACL) System Demonstrations},
pages = {55--60},
title = {{The Stanford CoreNLP Natural Language Processing Toolkit}},
url = {http://www.aclweb.org/anthology/P/P14/P14-5010},
year = {2014}
}
@article{Baldridge2008,
abstract = {We describe course adaptation and development for teaching computational linguistics for the diverse body of undergraduate and graduate students the Department of Linguistics at the University of Texas at Austin. We also discuss classroom tools and teaching aids we have used and created, and we mention our efforts to develop a campus-wide computational linguistics program.},
author = {Baldridge, Jason and Erk, Katrin},
file = {:home/marie/.local/share/data/Mendeley Ltd./Mendeley Desktop/Downloaded/Baldridge, Erk - 2008 - Teaching computational linguistics to a large, diverse student body courses, tools, and interdepartmental intera.pdf:pdf},
journal = {Proceedings of the Third Workshop on Issues in Teaching Computational Linguistics},
pages = {1--9},
publisher = {Association for Computational Linguistics},
title = {{Teaching computational linguistics to a large, diverse student body: courses, tools, and interdepartmental interaction}},
url = {papers2://publication/uuid/849BE196-954D-46F6-8810-971CA3E9B58C},
year = {2008}
}
@article{Dubremetz,
author = {Dubremetz, Marie},
file = {:home/marie/.local/share/data/Mendeley Ltd./Mendeley Desktop/Downloaded/Dubremetz - Unknown - D{\'{e}}tecter les chiasmes dont les termes principaux entretiennent une forte proximit{\'{e}} morphologique ou s{\'{e}}mantique.pdf:pdf},
journal = {R{\'{e}}cital-2013 (to be submited)},
title = {{D{\'{e}}tecter les chiasmes dont les termes principaux entretiennent une forte proximit{\'{e}} morphologique ou s{\'{e}}mantique}}
}
@inproceedings{hromada,
address = {Hissar, Bulgaria},
author = {Hromada, Daniel Devatman},
booktitle = {Proceedings of the Second Student Research Workshop associated with RANLP 2011},
file = {:home/marie/.local/share/data/Mendeley Ltd./Mendeley Desktop/Downloaded/Hromada - 2011 - Initial Experiments with Multilingual Extraction of Rhetoric Figures by means of PERL-compatible Regular Expressions.pdf:pdf},
pages = {85--90},
title = {{Initial Experiments with Multilingual Extraction of Rhetoric Figures by means of PERL-compatible Regular Expressions}},
url = {http://aclweb.org/anthology/R11-2013},
year = {2011}
}
@article{HuhmannWRONG2002,
author = {Huhmann, Bruce A and Mothersbaugh, David L and Franke, George R},
doi = {10.1109/TPC.2002.801634},
issn = {0361-1434},
journal = {Professional Communication, IEEE Transactions on},
keywords = {Context,Face,Manuals,Marketing management,Personne},
month = {sep},
number = {3},
pages = {157--169},
title = {{Rhetorical figures in headings and their effect on text processing: the moderating role of information relevance and text length}},
volume = {45},
year = {2002}
}
@inproceedings{Islam2012,
address = {Mumbai, India},
author = {Islam, Aminul and Milios, Evangelos E and Keselj, Vlado},
booktitle = {COLING, International Conference on Computational Linguistics (Posters)},
file = {:home/marie/.local/share/data/Mendeley Ltd./Mendeley Desktop/Downloaded/Islam, Milios, Keselj - 2012 - Comparing Word Relatedness Measures Based on Google n-grams.pdf:pdf},
pages = {495--506},
title = {{Comparing Word Relatedness Measures Based on Google n-grams}},
year = {2012}
}
@inproceedings{DiMarcoHealth2006,
author = {{Di Marco}, Chrysanne and Bray, Peter and Covvey, H Dominic and Cowan, Donald D and {Di Ciccio}, Vic and Hovy, Eduard and Lipa, Joan and Yang, Cathy},
booktitle = {AMIA Annual Symposium Proceedings},
organization = {American Medical Informatics Association},
pages = {195},
title = {{Authoring and generation of individualized patient education materials}},
volume = {2006},
year = {2006}
}
@article{author,
title = {{No Title}}
}
@inproceedings{petrovic-matthews2013,
address = {Sofia, Bulgaria},
author = {Petrovi{\'{c}}, Sa{\v{s}}a and Matthews, David},
booktitle = {Proceedings of the 51st Annual Meeting of the Association for Computational Linguistics (Volume 2: Short Papers)},
file = {:home/marie/.local/share/data/Mendeley Ltd./Mendeley Desktop/Downloaded/Petrovi{\'{c}}, Matthews - 2013 - Unsupervised joke generation from big data.pdf:pdf},
month = {aug},
pages = {228--232},
publisher = {Association for Computational Linguistics},
title = {{Unsupervised joke generation from big data}},
url = {http://www.aclweb.org/anthology/P13-2041},
year = {2013}
}
@article{author,
title = {{No Title}}
}
@article{Kevers2010,
author = {Kevers, L and Mantrach, A},
file = {:home/marie/.local/share/data/Mendeley Ltd./Mendeley Desktop/Downloaded/Kevers, Mantrach - 2010 - Classification supervis{\'{e}}e hybride par motifs lexicaux {\'{e}}tendus et classificateurs SVM.pdf:pdf},
journal = {Actes des 10{\`{e}}me {\ldots}},
pages = {1--12},
title = {{Classification supervis{\'{e}}e hybride par motifs lexicaux {\'{e}}tendus et classificateurs SVM}},
url = {http://cental.fltr.ucl.ac.be/team/projects/stratego/kevers{\_}mantrach{\_}jadt2010{\_}FINAL{\_}MAJ.pdf},
year = {2010}
}
@book{dupriez1984gradus,
author = {Dupriez, B},
isbn = {9782264037091},
publisher = {Union g{\{}{\'{e}}{\}}n{\{}{\'{e}}{\}}rale d'{\{}{\'{e}}{\}}ditions},
series = {10-18. Domaine fran{\{}{\c{c}}{\}}ais},
title = {{Gradus: les proc{\{}{\'{e}}{\}}d{\{}{\'{e}}{\}}s litt{\{}{\'{e}}{\}}raires : (dictionnaire)}},
url = {https://books.google.se/books?id=lPFAAQAACAAJ},
year = {1984}
}
@book{font,
annote = {1993? 1977? 1968?},
author = {Fontanier, Pierre},
edition = {1977},
publisher = {Flammarion},
title = {{Les Figures du discours}},
url = {http://catalogue.bibliotheque.bm-lille.fr/alswww1.dll/APS{\_}ZONES?fn=ViewNotice{\&}q=503519},
year = {1827}
}
@article{author,
title = {{No Title}}
}
@inproceedings{FosterSmith80,
author = {Smith, M Cassandra Foster},
booktitle = {COLING},
file = {:home/marie/.local/share/data/Mendeley Ltd./Mendeley Desktop/Downloaded/Smith - 1980 - Efficiency Tools In The Speeches Of Martin Luther King, Jr.pdf:pdf},
pages = {167--173},
title = {{Efficiency Tools In The Speeches Of Martin Luther King, Jr}},
year = {1980}
}
@book{Fellbaum2010,
author = {Fellbaum, Christiane},
editor = {Poli, Roberto and Healy, Michael and Kameas, Achilles},
isbn = {978-90-481-8847-5},
pages = {231--243},
publisher = {Springer Netherlands},
title = {{THEORY AND APPLICATIONS OF ONTOLOGY: COMPUTER APPLICATIONS}},
url = {http://dx.doi.org/10.1007/978-90-481-8847-5{\_}10},
year = {2010}
}
@book{labbe2010si,
author = {Labb{\'{e}}, Dominique},
isbn = {9782315002689},
publisher = {MAX MILO},
title = {{Si deux et deux sont quatre, Moli{\`{e}}re n'a pas ecrit Don Juan}},
url = {http://books.google.se/books?id=emjGzJzOVz0C},
year = {2010}
}
@book{VanGorp2001,
author = {{Van Gorp}, Hendrik and Delabastita, Dirk and D'Hulst, Lieven},
isbn = {978-2-7453-0436-0},
publisher = {Honor{\'{e}} Champion},
title = {{Dictionnaire des termes litt{\'{e}}raires}},
year = {2001}
}
@article{Garric2009,
abstract = {D'apr{\`{e}}s les Journ{\'{e}}es d'{\'{e}}tude « Le style et sa mod{\'{e}}lisation », 10 {\&} 11 d{\'{e}}cembre 2009},
author = {Garric, Nathalie and Maurel-Indart, H{\'{e}}l{\`{e}}ne},
file = {:home/marie/.local/share/data/Mendeley Ltd./Mendeley Desktop/Downloaded/Garric, Maurel-Indart - 2009 - Vers une automatisation de l'analyse textuelle.pdf:pdf},
journal = {texto!},
number = {4},
pages = {37--47},
title = {{Tous des copiateurs}},
url = {http://www.revue-texto.net/index.php?id=2765},
volume = {XV},
year = {2009}
}
@inproceedings{Kruijff2008,
address = {Stroudsburg, PA, USA},
author = {Kruijff-Korbayov{\'{a}}, Ivana and Kukina, Ciprian Gerstenberger Olga and Schehl, Jan},
booktitle = {Proceedings of the Fifth International Natural Language Generation Conference},
pages = {129--137},
publisher = {Association for Computational Linguistics},
series = {INLG '08},
title = {{Generation of output style variation in the SAMMIE dialogue system}},
url = {http://dl.acm.org/citation.cfm?id=1708322.1708347},
year = {2008}
}
@inproceedings{kao-jurafsky:2012:CLFL,
address = {Montr{\'{e}}al, Canada},
annote = {bib de ACLWEB

      },
author = {Kao, Justine and Jurafsky, Dan},
booktitle = {Proceedings of the NAACL-HLT 2012 Workshop on Computational Linguistics for Literature},
file = {:home/marie/.local/share/data/Mendeley Ltd./Mendeley Desktop/Downloaded/Kao, Jurafsky - 2012 - A Computational Analysis of Style, Affect, and Imagery in Contemporary Poetry.pdf:pdf},
month = {jun},
pages = {8--17},
publisher = {Association for Computational Linguistics},
title = {{A Computational Analysis of Style, Affect, and Imagery in Contemporary Poetry}},
url = {http://www.aclweb.org/anthology/W12-2502},
year = {2012}
}
@techreport{Hoyt93agoal-directed,
author = {Hoyt, Pat},
file = {:home/marie/.local/share/data/Mendeley Ltd./Mendeley Desktop/Downloaded/Hoyt - 1993 - A goal-directed functionally-based stylistic analyzer.pdf:pdf},
institution = {University of Waterloo. Dept. of Computer Science},
title = {{A goal-directed functionally-based stylistic analyzer}},
year = {1993}
}
@inproceedings{charniak2005,
address = {Stroudsburg, PA, USA},
author = {Charniak, Eugene and Johnson, Mark},
booktitle = {Proceedings of the 43rd Annual Meeting on Association for Computational Linguistics},
doi = {10.3115/1219840.1219862},
pages = {173--180},
publisher = {Association for Computational Linguistics},
series = {ACL '05},
title = {{Coarse-to-fine N-best Parsing and MaxEnt Discriminative Reranking}},
url = {http://dx.doi.org/10.3115/1219840.1219862},
year = {2005}
}
@article{Miller1990,
author = {Miller, George a. and Beckwith, Richard and Fellbaum, Christiane and Gross, Derek and Miller, Katherine J.},
doi = {10.1093/ijl/3.4.235},
file = {:home/marie/.local/share/data/Mendeley Ltd./Mendeley Desktop/Downloaded/Miller et al. - 1990 - Introduction to WordNet An On-line Lexical Database.pdf:pdf},
issn = {0950-3846},
journal = {International Journal of Lexicography},
number = {4},
pages = {235--244},
title = {{Introduction to WordNet: An On-line Lexical Database *}},
url = {http://ijl.oxfordjournals.org/cgi/doi/10.1093/ijl/3.4.235},
volume = {3},
year = {1990}
}
@inproceedings{Dubremetz2012,
author = {Dubremetz, Marie},
file = {:home/marie/.local/share/data/Mendeley Ltd./Mendeley Desktop/Downloaded/Dubremetz - 2012 - D{\'{e}}tecter les chiasmes dont les termes principaux entretiennent une forte proximit{\'{e}} morphologique ou s{\'{e}}mantique.pdf:pdf},
organization = {UFR PHILLIA Paris - Ouest Nanterre La D{\'{e}}fense},
title = {{D{\'{e}}tecter les chiasmes dont les termes principaux entretiennent une forte proximit{\'{e}} morphologique ou s{\'{e}}mantique}},
year = {2012}
}
@article{Ramisch2012,
author = {Ramisch, Carlos},
file = {:home/marie/.local/share/data/Mendeley Ltd./Mendeley Desktop/Downloaded/Ramisch - 2012 - Une plate-forme g{\'{e}}n{\'{e}}rique et ouverte pour l'acquisition des expressions polylexicales.pdf:pdf},
journal = {aclweb.org},
pages = {137--149},
title = {{Une plate-forme g{\'{e}}n{\'{e}}rique et ouverte pour l'acquisition des expressions polylexicales}},
url = {http://www.aclweb.org/anthology/J/J12/F12-3011},
volume = {3},
year = {2012}
}
@misc{RHarris,
author = {Harris, Robert A.},
title = {{No Title}},
url = {http://www.virtualsalt.com/rhetoric2.htm},
year = {2010}
}
@article{Vandendorpe1991,
author = {Vandendorpe, Christian},
file = {:home/marie/.local/share/data/Mendeley Ltd./Mendeley Desktop/Downloaded/Unknown - Unknown - Lecture et qu{\^{e}}te de sens.pdf:pdf},
journal = {Prot{\'{e}}e},
pages = {95--101},
title = {{Lecture et qu{\^{e}}te de sens}},
url = {http://www.ruor.uottawa.ca/en/bitstream/handle/10393/12791/Vandendorpe{\_}Christian{\_}1991{\_}Lecture{\_}et{\_}qu{\^{e}}te{\_}de{\_}sens.pdf?sequence=3},
volume = {19},
year = {1991}
}
@inproceedings{wehrli2009,
author = {Wehrli, Eric and Nerima, Luka},
booktitle = {Proceedings of IWPT 2009 ATALA Workshop: What French parsing systems},
file = {:home/marie/.local/share/data/Mendeley Ltd./Mendeley Desktop/Downloaded/Wehrli, Nerima - 2009 - L'analyseur syntaxique Fips.pdf:pdf},
title = {{L'analyseur syntaxique Fips}},
year = {2009}
}
@inproceedings{Yakubovich2013,
annote = {Attention texte not published et pas de bibtex correct

      },
author = {Yakubovich, Yauheniya},
booktitle = {Journ{\'{e}}e des jeunes chercheurs du R{\'{e}}seau Lexicologie, terminologie, traduction},
file = {:home/marie/.local/share/data/Mendeley Ltd./Mendeley Desktop/Downloaded/Yakubovich - 2013 - D{\'{e}}figement dans les textes po{\'{e}}tiques. Typologies et exemples en fran{\c{c}}ais, espagnol, catalan, polonais, russe et.pdf:pdf},
pages = {1--17},
publisher = {Institut sup{\'{e}}rieur de traducteurs et interpr{\`{e}}tes Haute {\'{E}}cole de Bruxelles},
title = {{D{\'{e}}figement dans les textes po{\'{e}}tiques. Typologies et exemples en fran{\c{c}}ais, espagnol, catalan, polonais, russe et b{\'{e}}larusse}},
year = {2013}
}
@inproceedings{FosterSmith80,
address = {Stroudsburg, PA, USA},
author = {Smith, M Cassandra Foster},
booktitle = {Proceedings of the 8th conference on Computational linguistics},
doi = {10.3115/990174.990202},
pages = {167--173},
publisher = {Association for Computational Linguistics},
series = {COLING '80},
title = {{Efficiency tools in the speeches of Martin Luther King, Jr.}},
url = {http://dx.doi.org/10.3115/990174.990202},
year = {1980}
}
@article{Koster1970,
author = {K{\"{o}}ster, Patricia},
doi = {10.1007/BF02400251},
file = {:home/marie/.local/share/data/Mendeley Ltd./Mendeley Desktop/Downloaded/K{\"{o}}ster - 1970 - Words and numbers A quantitative approach to swift and some understrappers.pdf:pdf;:home/marie/.local/share/data/Mendeley Ltd./Mendeley Desktop/Downloaded/K{\"{o}}ster - 1970 - Words and numbers A quantitative approach to swift and some understrappers.bib:bib},
issn = {0010-4817},
journal = {Computers and the Humanities},
month = {may},
number = {5},
pages = {289--304},
title = {{Words and numbers: A quantitative approach to swift and some understrappers}},
url = {http://link.springer.com/10.1007/BF02400251},
volume = {4},
year = {1970}
}
@inproceedings{chen2014,
author = {Chen, Danqi and Manning, Christopher D},
booktitle = {Empirical Methods in Natural Language Processing (EMNLP)},
title = {{A Fast and Accurate Dependency Parser using Neural Networks}},
year = {2014}
}
@article{author,
title = {{No Title}}
}
@inproceedings{nalisnick-baird:2013:Short,
address = {Sofia, Bulgaria},
author = {Nalisnick, Eric T and Baird, Henry S},
booktitle = {Proceedings of the 51st Annual Meeting of the Association for Computational Linguistics (Volume 2: Short Papers)},
month = {aug},
pages = {479--483},
publisher = {Association for Computational Linguistics},
title = {{Character-to-Character Sentiment Analysis in Shakespeare's Plays}},
url = {http://www.aclweb.org/anthology/P13-2085},
year = {2013}
}
@inproceedings{harris2009,
address = {Edinburgh, Scotland},
author = {Harris, Randy and DiMarco, Chrysanne},
booktitle = {Persuasive Technology and Digital Behaviour Intervention Symposium},
file = {:home/marie/.local/share/data/Mendeley Ltd./Mendeley Desktop/Downloaded/Harris, DiMarco - 2009 - Constructing a Rhetorical Figuration Ontology.pdf:pdf},
pages = {47--52},
title = {{Constructing a Rhetorical Figuration Ontology}},
url = {http://www.aisb.org.uk/convention/aisb09/Proceedings/PERSUASIVE/FILES/DiMarcoC.pdf},
year = {2009}
}
@article{Garric2009,
abstract = {D'apr{\`{e}}s les Journ{\'{e}}es d'{\'{e}}tude « Le style et sa mod{\'{e}}lisation », 10 {\&} 11 d{\'{e}}cembre 2009},
author = {Garric, Nathalie and Maurel-Indart, H{\'{e}}l{\`{e}}ne},
file = {:home/marie/.local/share/data/Mendeley Ltd./Mendeley Desktop/Downloaded/Garric, Maurel-Indart - 2009 - Vers une automatisation de l'analyse textuelle.pdf:pdf},
journal = {texto!},
number = {4},
pages = {1--79},
title = {{Vers une automatisation de l'analyse textuelle}},
url = {http://www.revue-texto.net/index.php?id=2765},
volume = {XV},
year = {2009}
}
@book{Cunningham2011a,
author = {Cunningham, Hamish and Maynard, Diana and Bontcheva, Kalina and Tablan, Valentin and Aswani, Niraj and Roberts, Ian and Gorrell, Genevieve and Funk, Adam and Roberts, Angus and Damljanovic, Danica and Heitz, Thomas and Greenwood, Mark A and Saggion, Horacio and Petrak, Johann and Li, Yaoyong and Peters, Wim},
isbn = {978-0956599315},
title = {{Text Processing with GATE (Version 6)}},
url = {http://tinyurl.com/gatebook},
year = {2011}
}
@article{bernard2009,
abstract = {D'apr{\`{e}}s les Journ{\'{e}}es d'{\'{e}}tude « Le style et sa mod{\'{e}}lisation », 10 {\&} 11 d{\'{e}}cembre 2009},
author = {Bernard, Michel},
file = {:home/marie/.local/share/data/Mendeley Ltd./Mendeley Desktop/Downloaded/Garric, Maurel-Indart - 2009 - Vers une automatisation de l'analyse textuelle.pdf:pdf},
journal = {texto!},
number = {4},
pages = {33--36},
title = {{Sp{\'{e}}cificit{\'{e}}s lexicales d'un sous-corpus : quel(s) corpus de r{\'{e}}f{\'{e}}rence ?}},
url = {http://www.revue-texto.net/index.php?id=2765},
volume = {XV},
year = {2009}
}
@article{author,
title = {{No Title}}
}
@inproceedings{Zilio2011,
address = {Cuiab{\'{a}}, Brazil},
annote = {http://www.lbd.dcc.ufmg.br/colecoes/stil/2011/0029.pdf},
author = {Zilio, Leonardo and Svoboda, Luiz and {Longhi Rossi}, Luiz Henrique and {Martins Feitosa}, Rafael},
booktitle = {8th Brazilian Symposium in Information and Human Language Technology},
file = {:home/marie/.local/share/data/Mendeley Ltd./Mendeley Desktop/Downloaded/Zilio et al. - 2011 - Automatic extraction and evaluation of MWE.pdf:pdf},
pages = {214--218},
title = {{Automatic extraction and evaluation of MWE}},
year = {2011}
}
@book{Zipf,
author = {Zipf, George Kingsley},
publisher = {Routledge},
title = {{The Psycho-Biology of Language: An Introduction to Dynamic Philology}},
year = {1936}
}
@inproceedings{Bendersky2012,
address = {Montr{\'{e}}al, Canada},
annote = {bibtex from ACL},
author = {Bendersky, Michael and Smith, David},
booktitle = {Proceedings of the NAACL-HLT 2012 Workshop on Computational Linguistics for Literature},
file = {:home/marie/.local/share/data/Mendeley Ltd./Mendeley Desktop/Downloaded/Bendersky, Smith - 2012 - A Dictionary of Wisdom and Wit Learning to Extract Quotable Phrases(2).pdf:pdf},
month = {jun},
pages = {69--77},
publisher = {Association for Computational Linguistics},
title = {{A Dictionary of Wisdom and Wit: Learning to Extract Quotable Phrases}},
url = {http://www.aclweb.org/anthology/W12-2510},
year = {2012}
}
@inproceedings{Marcu1997,
author = {Marcu, Daniel},
booktitle = {Proceedings of the 35th Annual Meeting of the Association for Computational Linguistics and Eighth Conference of the European Chapter of the Association for Computational Linguistics},
doi = {10.3115/976909.979630},
file = {:home/marie/.local/share/data/Mendeley Ltd./Mendeley Desktop/Downloaded/Marcu - 1997 - The rhetorical parsing of natural language texts.pdf:pdf},
pages = {96--103},
publisher = {Association for Computational Linguistics},
title = {{The rhetorical parsing of natural language texts}},
url = {http://dl.acm.org/citation.cfm?id=979630},
year = {1997}
}
@article{Clark04,
author = {Clark, David},
file = {:home/marie/.local/share/data/Mendeley Ltd./Mendeley Desktop/Downloaded/Clark - 2004 - Testing programming skills with multiple choice questions.pdf:pdf},
journal = {Informatics in Education},
title = {{Testing programming skills with multiple choice questions}},
url = {http://www.ceeol.com/aspx/getdocument.aspx?logid=5{\&}id=51332211671f478a9468b5275b3a8f35},
volume = {3},
year = {2004}
}
@article{Pincemin2009,
abstract = {D'apr{\`{e}}s les Journ{\'{e}}es d'{\'{e}}tude « Le style et sa mod{\'{e}}lisation », 10 {\&} 11 d{\'{e}}cembre 2009},
author = {Pincemin, B{\'{e}}n{\'{e}}dicte},
file = {:home/marie/.local/share/data/Mendeley Ltd./Mendeley Desktop/Downloaded/Garric, Maurel-Indart - 2009 - Vers une automatisation de l'analyse textuelle.pdf:pdf},
journal = {texto!},
number = {4},
pages = {54--61},
title = {{Analyse diff{\'{e}}rentielle {\`{a}} base de marqueurs et textometrie}},
url = {http://www.revue-texto.net/index.php?id=2765},
volume = {XV},
year = {2009}
}
@inproceedings{dubremetz-nivre:2014:MWE,
address = {Gothenburg, Sweden},
author = {Dubremetz, Marie and Nivre, Joakim},
booktitle = {Proceedings of the 10th Workshop on Multiword Expressions (MWE)},
file = {:home/marie/.local/share/data/Mendeley Ltd./Mendeley Desktop/Downloaded/Dubremetz, Nivre - 2014 - Extraction of Nominal Multiword Expressions in French.pdf:pdf},
month = {apr},
pages = {72--76},
publisher = {Association for Computational Linguistics},
title = {{Extraction of Nominal Multiword Expressions in French}},
url = {http://www.aclweb.org/anthology/W14-0812},
year = {2014}
}
@book{Bailly1894,
author = {Bailly, Anatole},
edition = {2000},
pages = {2230},
title = {{Dictionnaire Grec Fran{\c{c}}ais}},
year = {1894}
}
@incollection{year,
title = {{No Title}}
}
@article{Villavicencio2005,
annote = {http://linkinghub.elsevier.com/retrieve/pii/S0885230805000136
10.1016/j.csl.2004.12.003},
author = {Villavicencio, Aline},
file = {:home/marie/.local/share/data/Mendeley Ltd./Mendeley Desktop/Downloaded/Villavicencio - 2005 - The availability of verb–particle constructions in lexical resources How much is enough.pdf:pdf},
issn = {08852308},
journal = {Computer Speech {\&} Language},
number = {4},
pages = {415--432},
title = {{The availability of verb–particle constructions in lexical resources: How much is enough?}},
volume = {19},
year = {2005}
}
@article{author,
title = {{No Title}}
}
@article{Reiter2003,
author = {Reiter, Ehud and Robertson, Roma and Osman, Liesl M},
journal = {Artificial Intelligence},
keywords = {nlg},
number = {1-2},
pages = {41--58},
publisher = {Elsevier},
title = {{Lessons from a failure: Generating tailored smoking cessation letters}},
volume = {144},
year = {2003}
}
@article{DiMarco1988,
address = {Morristown, NJ, USA},
author = {DiMarco, Chrysanne and Hirst, Graeme},
doi = {10.3115/991635.991666},
file = {:home/marie/.local/share/data/Mendeley Ltd./Mendeley Desktop/Downloaded/DiMarco, Hirst - 1988 - Stylistic Grammars in Language Translation.pdf:pdf},
isbn = {963 8431 56 3},
journal = {Proceedings of the 12th conference on Computational linguistics -},
pages = {148--153},
publisher = {Association for Computational Linguistics},
title = {{Stylistic Grammars in Language Translation}},
url = {http://portal.acm.org/citation.cfm?doid=991635.991666},
volume = {1},
year = {1988}
}
@misc{Diderot1789a,
author = {Diderot, Denis and D'Alembert, Jean le Rond},
booktitle = {Encyclop{\'{e}}die m{\'{e}}thodique: ou par ordre de mati{\`{e}}res, volume 66},
pages = {197--199},
title = {{Antim{\'{e}}tabole, Antith{\`{e}}se, Antim{\'{e}}talepse}},
year = {1789}
}
@book{siemens2008,
abstract = {This Companion offers a thorough, concise overview of the emerging field of humanities computing. Contains 37 original articles written by leaders in the field. Addresses the central concerns shared by those interested in the subject. Major sections focus on the experience of particular disciplines in applying computational methods to research problems; the basic principles of humanities computing; specific applications and methods; and production, dissemination and archiving. Accompanied by a website featuring supplementary materials, standard readings in the field and essays to be included in future editions of the Companion.},
author = {Schreibman, Susan and Siemens, Ray and Unsworth, John},
isbn = {9780470999868},
keywords = {Language Arts {\&} Disciplines / General,Literary Criticism / General},
month = {apr},
publisher = {John Wiley {\&} Sons},
title = {{A Companion to Digital Humanities}},
year = {2008}
}
@article{Namer2000,
author = {Namer, Fiammetta},
file = {:home/marie/.local/share/data/Mendeley Ltd./Mendeley Desktop/Downloaded/Namer - 2000 - Un analyseur flexionnel du fran{\c{c}}ais {\`{a}} base de r{\`{e}}gles.pdf:pdf},
journal = {Traitement Automatique des Langues},
pages = {1--23},
title = {{Un analyseur flexionnel du fran{\c{c}}ais {\`{a}} base de r{\`{e}}gles}},
url = {http://www.univ-nancy2.fr/pers/namer/PUBLIS/2000{\_}Namer{\_}TAL.pdf},
volume = {41},
year = {2000}
}
@book{ullman1971patterns,
author = {Ullman, Stephen},
booktitle = {Patterns of literary style},
editor = {Strelka, Joseph},
publisher = {Pennsylvania State University Park},
title = {{Two approaches to style}},
volume = {3},
year = {1971}
}
@inproceedings{FosterSmith80,
address = {Stroudsburg, PA, USA},
author = {Smith, M Cassandra Foster},
booktitle = {Proceedings of the 8th conference on Computational linguistics},
doi = {10.3115/990174.990202},
file = {:home/marie/.local/share/data/Mendeley Ltd./Mendeley Desktop/Downloaded/Smith - 1980 - Efficiency Tools In The Speeches Of Martin Luther King, Jr.pdf:pdf},
pages = {167--173},
publisher = {Association for Computational Linguistics},
series = {COLING '80},
title = {{Efficiency tools in the speeches of Martin Luther King, Jr.}},
url = {http://dx.doi.org/10.3115/990174.990202},
year = {1980}
}
@book{milic1967quantitative,
author = {Milic, Louis Tonko},
publisher = {Mouton The Hague},
title = {{A quantitative approach to the style of Jonathan Swift}},
volume = {23},
year = {1967}
}
@article{Rastier2009,
abstract = {D'apr{\`{e}}s les Journ{\'{e}}es d'{\'{e}}tude « Le style et sa mod{\'{e}}lisation », 10 {\&} 11 d{\'{e}}cembre 2009},
author = {Rastier, Fran{\c{c}}ois},
file = {:home/marie/.local/share/data/Mendeley Ltd./Mendeley Desktop/Downloaded/Garric, Maurel-Indart - 2009 - Vers une automatisation de l'analyse textuelle.pdf:pdf},
journal = {texto!},
number = {4},
pages = {62--70},
title = {{Stylistique et textom{\'{e}}trie Sept questions de principe et d'opportunit{\'{e}}}},
url = {http://www.revue-texto.net/index.php?id=2765},
volume = {XV},
year = {2009}
}
@book{strelka1971patterns,
author = {Strelka, Joseph},
publisher = {Pennsylvania State Univ Pr},
title = {{Patterns of literary style}},
volume = {3},
year = {1971}
}
@book{morton1978literary,
author = {Morton, Andrew Queen},
isbn = {9780859350624},
publisher = {Bowker},
title = {{Literary detection: how to prove authorship and fraud in literature and documents}},
url = {http://books.google.se/books?id=Ni4HAQAAIAAJ},
year = {1978}
}
@article{Haines2005,
author = {Haines, Christopher},
doi = {10.1093/teamat/hri004},
file = {:home/marie/.local/share/data/Mendeley Ltd./Mendeley Desktop/Downloaded/Haines - 2005 - Applying mathematics making multiple-choice questions work.pdf:pdf},
issn = {0268-3679},
journal = {Teaching Mathematics and its Applications},
month = {sep},
number = {2-3},
pages = {107--113},
title = {{Applying mathematics: making multiple-choice questions work}},
url = {http://teamat.oxfordjournals.org/cgi/doi/10.1093/teamat/hri004},
volume = {24},
year = {2005}
}
