Automatically generated by Mendeley Desktop 1.16.1
Any changes to this file will be lost if it is regenerated by Mendeley.

BibTeX export options can be customized via Options -> BibTeX in Mendeley Desktop

@inproceedings{dubremetz2016,
address = {San Diego, California},
author = {Dubremetz, Marie and Nivre, Joakim},
booktitle = {Proceedings of the Fifth Workshop on Computational Linguistics for Literature},
pages = {pages 47--53},
publisher = {Association for Computational Linguistics},
title = {{Syntax Matters for Rhetorical Structure: The Case of Chiasmus}},
year = {2016}
}
@inproceedings{dubremetz2015,
address = {Denver, Colorado, USA},
author = {Dubremetz, Marie and Nivre, Joakim},
booktitle = {Proceedings of the Fourth Workshop on Computational Linguistics for Literature},
month = {jun},
pages = {23--31},
publisher = {Association for Computational Linguistics},
title = {{Rhetorical Figure Detection: the Case of Chiasmus}},
url = {http://www.aclweb.org/anthology/W15-0703},
year = {2015}
}
@book{siemens2008,
abstract = {This Companion offers a thorough, concise overview of the emerging field of humanities computing. Contains 37 original articles written by leaders in the field. Addresses the central concerns shared by those interested in the subject. Major sections focus on the experience of particular disciplines in applying computational methods to research problems; the basic principles of humanities computing; specific applications and methods; and production, dissemination and archiving. Accompanied by a website featuring supplementary materials, standard readings in the field and essays to be included in future editions of the Companion.},
author = {Schreibman, Susan and Siemens, Ray and Unsworth, John},
isbn = {9780470999868},
keywords = {Language Arts {\&} Disciplines / General,Literary Criticism / General},
month = {apr},
publisher = {John Wiley {\&} Sons},
title = {{A Companion to Digital Humanities}},
year = {2008}
}
